3144 4980
1303 331 1342 400 35

222 512 300 592 quod
314 499 378 576 lieri
393 517 472 576 certe
486 513 613 594 potuit‚1)
629 534 804 592 quamquam
818 512 848 574 in
865 512 1061 592 disputatione
1076 516 1189 589 reliqua
1200 532 1342 590 nusquam

222 637 324 679 versus
345 620 517 682 invenimus.
549 619 607 678 Sed
630 618 707 693 quod
724 618 934 691 Sehmelrelius,
957 619 1006 692 qui
1029 617 1069 694 (p.
1085 618 1155 692 163)
1176 615 1230 676 hos
1247 618 1345 676 attulit

222 738 337 793 vorsus,
369 721 456 779 etiam
488 721 569 778 initio
603 738 665 796 cap.
681 721 723 778 IX
753 721 950 795 Augustinum
983 719 1021 777 ad
1050 723 1179 778 nostrum
1207 719 1343 777 libellum

222 823 369 898 respicere
398 823 561 898 suspicatus
591 827 646 896 est,
676 841 735 881 non
765 822 940 897 adstipulor:
971 823 1026 880 soli
1056 822 1133 880 enim
1160 822 1344 880 nominantur

222 924 290 983 libri
320 924 357 983 de
390 924 567 983 divinatione
599 928 629 983 61
661 923 697 982 de
730 928 834 983 natura
867 923 1000 996 deorum,
1033 927 1062 982 et
1094 923 1190 982 verbis
1224 924 1293 999 ipsis
1327 941 1344 980 a

222 1025 408 1086 Schmelrelio
435 1027 572 1085 adhibitis
581 1026 605 1102 2)
632 1043 712 1084 suam
735 1027 916 1101 Augustinus
942 1025 1054 1102 profert
1074 1027 1260 1099 sententiam,
1288 1043 1345 1100 quo

224 1129 345 1188 consilio
368 1128 486 1188 ductum
502 1130 672 1190 Ciceronem
687 1128 740 1187 hos
754 1128 846 1187 libros
862 1129 1072 1204 conscripsisse
1088 1131 1214 1187 censeat.
1242 1129 1345 1203 Itaque

223 1230 261 1289 ad
289 1230 518 1306 recuperandam
548 1231 641 1291 nostri
667 1231 763 1289 libelli
789 1234 902 1306 partem
929 1231 1063 1289 amissam
1085 1230 1154 1289 inde
1176 1228 1252 1288 nihil
1273 1230 1347 1288 sumi

223 1336 331 1408 potest;
347 1334 496 1409 aptissima
511 1352 582 1392 vero
598 1337 672 1406 sunt,
688 1351 763 1409 quac
779 1332 917 1410 deinceps
934 1334 970 1391 ab
982 1334 1148 1408 Augustino
1161 1333 1347 1404 disseruntur,

224 1439 395 1510 argumenta
409 1435 447 1493 ad
463 1437 662 1511 quaestionem
674 1440 802 1494 nostram
813 1437 979 1495 universam
991 1437 1093 1495 melius
1105 1434 1347 1512 perspiciendam,

224 1537 361 1611 quoniam
389 1539 441 1594 ille
468 1537 504 1596 de
532 1537 634 1596 eadem
661 1555 693 1596 re
719 1539 884 1596 acutissime
912 1543 941 1597 et
967 1538 1189 1613 diligentissime
1212 1537 1347 1613 disputat.

224 1639 273 1698 Ad
303 1640 397 1714 ipsum
426 1658 495 1699 vero
527 1643 693 1698 contextum
721 1639 757 1698 de
782 1639 843 1699 fato
870 1641 941 1698 libri
966 1641 1068 1699 ultima
1094 1639 1223 1698 eiusdem
1245 1640 1348 1715 capitis

225 1742 310 1818 (119)
340 1743 430 1800 verba
460 1746 603 1818 spectant,
634 1742 683 1800 ubi
712 1742 819 1816 denuo,
848 1746 880 1802 nt
901 1744 1010 1818 passim
1033 1743 1083 1802 ubi
1106 1742 1264 1802 doctissimi
1284 1742 1349 1816 viri,

225 1844 275 1920 qui
289 1843 420 1920 habetur,
436 1848 597 1904 sententiae
614 1849 883 1919 commemorantur,
898 1864 1002 1904 nomen
1019 1845 1166 1905 Ciceronis
1181 1846 1349 1920 appellatur

225 1949 308 2024 (6616
331 1949 463 2018 utillud,
487 1950 662 2020 6666116166
686 1947 783 2008 Cicero
807 1948 1033 2024 66666111...),
1056 1950 1106 2023 qui
1128 1947 1245 2023 quidem
1267 1949 1349 2006 locus

224 2051 291 2108 ideo
314 2049 390 2108 nihil
411 2051 480 2108 novi
503 2051 594 2125 affert,
617 2050 695 2125 quod
718 2052 772 2108 illa
794 2068 861 2125 pars
884 2051 980 2109 libelli
1002 2051 1065 2125 ipsa
1088 2054 1233 2125 superstes
1256 2053 1306 2108 est.

310 2153 536 2228 Progrediamur
568 2152 606 2211 ad
638 2156 736 2238 locum
770 2172 787 2210 a
820 2153 921 2212 Servio
955 2151 994 2210 ad
1026 2152 1113 2226 Verg.
1133 2152 1208 2210 Aen.
1228 2151 1348 2209 111376

225 2254 371 2314 traditum.
405 2255 596 2331 Chrysippi
619 2274 653 2314 eo
677 2255 819 2314 contineri
840 2255 906 2313 fati
928 2253 1175 2313 definitionem
1196 2253 1267 2312 mihi
1282 2270 1349 2329 per-

226 2375 343 2416 suasum
358 2360 413 2416 est:
429 2357 492 2434 hoc,
509 2375 574 2417 cum
589 2362 721 2434 apertum
737 2358 773 2416 sit
789 2375 853 2415 eam
864 2356 1004 2416 Antiochi
1021 2375 1079 2416 non
1092 2374 1164 2429 esse,
1179 2356 1349 2431 aprincipio

227 2478 243 2519 e
269 2460 381 2519 ratione
411 2461 545 2536 opusculi
575 2461 666 2519 nostri
695 2460 848 2536 probabile
875 2463 931 2531 est3
960 2478 1028 2518 nam
1050 2460 1111 2518 eius
1134 2477 1193 2518 non
1215 2462 1297 2531 erat,
1319 2460 1351 2516 ut

226 2563 332 2638 prioris
359 2562 429 2621 libri
457 2562 494 2621 de
523 2563 716 2638 divinatione,
747 2561 909 2622 Stoicorum
935 2562 1108 2621 sententiam
1129 2579 1183 2637 per
1205 2578 1236 2619 se
1258 2561 1351 2635 ipsam

226 2665 267 2722 ila
294 2667 322 2724 et
344 2682 380 2723 ea
402 2669 497 2724 mente
521 2665 702 2738 describere,
731 2669 761 2723 ut
787 2668 902 2740 postea,
931 2664 1007 2722 libro
1030 2665 1136 2736 altero,
1164 2662 1350 2734 refutaretur3

225 2768 325 2842 itaque
353 2785 412 2826 666
441 2767 599 2827 concedam
623 2768 793 2828 Ciceronem
822 2767 930 2842 ipsum,
961 2783 1036 2840 quae
1064 2783 1100 2824 en
1122 2763 1279 2823 Posidonio
1302 2763 1351 2838 (de

227 2868 286 2927 div.
305 2871 319 2927 l
338 2870 395 2927 125
409 2871 483 2944 sqq.)
521 2870 681 2942 didicisset,
719 2869 767 2928 hic
800 2870 917 2928 mutatis
951 2868 1047 2927 verbis
1080 2866 1255 2940 reddidisse3
1292 2866 1352 2940 sed,

228 2971 364 3044 quoniam
387 2971 417 3028 in
433 2970 627 3047 Chrysippum
649 2972 762 3030 intenta
784 2975 828 3030 est
850 2971 943 3029 omnis
966 2969 1131 3044 disputatio,
1153 2969 1258 3044 prioris
1274 2973 1352 3027 certe

228 3072 419 3146 quaestionis,
447 3091 567 3132 necesso
595 3078 639 3133 est
660 3074 745 3133 huius
767 3075 890 3132 relatam
913 3071 1001 3131 fuisse
1025 3071 1231 3133 definitionem.
1274 3072 1352 3130 Fieri

228 3177 324 3233 autem
353 3175 494 3249 potuisse,
525 3179 556 3234 ut
583 3179 641 3234 tam
668 3176 797 3235 breviter
819 3174 988 3240 referretur,
1018 3174 1087 3232 inde
1109 3177 1243 3250 apparet,
1273 3172 1352 3248 quod

229 3275 331 3336 Cicero
354 3276 381 3352 (§
398 3276 429 3352 4)
452 3276 523 3336 dicit
544 3282 647 3337 666166
662 3279 849 3352 propostam
871 3278 1018 3349 disputari
1039 3278 1078 3351 (v.
1100 3295 1128 3351 p.
1147 3276 1206 3351 18).
1240 3274 1299 3334 Sed
1321 3279 1352 3334 ut

228 3382 310 3437 tenta
323 3378 437 3453 fiducia,
460 3381 538 3455 quod
554 3381 675 3455 conicio,
699 3380 854 3454 obtineam,
874 3379 1065 3439 similitudino
1080 3378 1182 3438 horum
1198 3378 1352 3436 verborum

315 3634 334 3699 ¹)
358 3632 426 3686 Nam
453 3633 574 3700 aptiores
598 3638 663 3688 sunt
684 3648 765 3703 qnam
790 3648 885 3688 versus
909 3633 936 3687 in
958 3631 1042 3688 libros
1066 3632 1102 3687 de
1126 3631 1181 3688 div.
1205 3647 1303 3702 magna
1325 3633 1354 3687 vi

230 3714 330 3770 infersi.
360 3717 487 3772 Fortasse
505 3719 544 3774 eis
562 3718 708 3788 Chrysippi
726 3719 861 3774 sententia
878 3719 1012 3773 illustrata
1026 3723 1091 3773 erat.
1121 3718 1211 3773 Etiam
1224 3718 1353 3788 §57sqq.

231 3800 267 3856 de
284 3802 386 3856 6616616
403 3802 542 3857 bominum
560 3803 722 3873 disputatur.

315 3887 336 3956 ²)
355 3887 415 3942 Hos
433 3887 526 3942 Cicero
545 3889 597 3942 116
613 3889 773 3958 redarguere
790 3889 933 3958 6111166,
957 3892 992 3943 61
1014 3906 1079 3944 666
1101 3888 1354 3942 661611661611-

231 3971 311 4040 quid
341 3988 372 4025 66
400 3972 530 4027 adversas
558 3990 601 4027 666
630 3975 752 4030 valere.
785 3975 856 4029 6161
885 3976 1022 4043 auferat
1050 3973 1298 4029 61161661166666
1327 3979 1355 4028 61

230 4062 340 4126 postea:
363 4055 406 4110 16
430 4057 532 4112 libris
553 4075 614 4113 vero
633 4059 668 4112 dc
686 4059 903 4115 611616611666
985 4063 1127 4129 oppugant
1140 4060 1355 4128 praescientiam

230 4144 397 4212 tatarorum.
438 4143 508 4198 Hoc
537 4147 643 4198 661666
673 4147 777 4200 totam
806 4147 918 4215 facere
946 4145 1091 4213 61616166,
1122 4161 1160 4198 66
1188 4145 1279 4212 fotum
1302 4159 1356 4197 6666

232 4228 487 4283 6666661161
527 4229 631 4283 Ρ6161
657 4230 730 4284 enim
756 4246 912 4285 66666666
932 4231 1079 4285 66166116
1100 4230 1292 4298 futororum
1313 4230 1356 4284 116

231 4329 299 4369 6666
316 4329 519 4385 6666666666
535 4315 634 4387 fatum,
652 4317 683 4369 61
702 4315 799 4386 creperi
815 4331 871 4370 666
884 4318 981 4385 poerit.

1168 4419 1200 4484 3*
