3120 4972
257 136 276 195 h

256 323 309 365 nec
329 323 375 365 me
397 324 431 365 cn
452 322 488 364 ea
509 307 653 380 opinione,
676 323 765 380 quam
787 307 984 366 amatoribus
1000 308 1098 380 occepi
1113 307 1148 366 de
1163 309 1244 367 cultu
1260 309 1379 367 deornm

256 409 476 482 immortalium,
497 409 590 468 ullius
612 426 752 482 nmquam
774 411 869 468 oratio
893 413 946 468 unt
964 411 1042 469 docti
1057 414 1111 469 aut
1124 411 1235 469 indocti
1248 412 1379 469 monebit.

257 510 318 570 Sed
350 529 414 570 eum
448 512 483 570 de
511 512 651 585 relipione
681 514 792 586 opiter,
827 512 869 570 Ti.
892 510 1119 582 Gorurreaninm,
1152 512 1186 570 P.
1206 512 1378 586 Sopianae,

197 677 204 690 .
257 613 291 672 P.
307 613 492 684 Scaeuolam,
516 615 671 687 pontifices
697 617 853 684 mouimus,
881 632 943 673 non
964 615 1110 674 meem
1133 619 1187 673 aut
1210 612 1379 674 Cleanthem

258 720 313 775 aut
332 714 524 790 Ulnpsippum
546 734 651 789 sequor
673 717 820 790 habeoque
837 714 1016 776 &Laelium
1039 735 1178 791 auqurem
1201 718 1379 789 enrcdemqnc

257 820 429 892 sepimtem,
464 836 547 892 quem
573 821 677 892 potius
707 820 829 877 audiam
859 820 1000 878 dicentem
1030 821 1065 878 de
1092 821 1233 894 relipime
1262 821 1294 877 in
1323 820 1379 877 illa

258 923 391 980 orat-ione
414 922 509 979 nobili
535 938 623 994 qnam
650 938 824 994 quemqnam
842 924 1008 996 principem
1034 921 1205 981 Stoicorum.
1251 919 1379 995 Onmque

258 1026 352 1083 omnis
374 1025 482 1098 pepuli
502 1024 633 1082 Romani
657 1025 760 1098 relipio
786 1027 819 1083 in
845 1042 932 1083 saera
955 1028 983 1083 et
1003 1027 1035 1082 in
1059 1027 1193 1097 auspicia
1215 1026 1310 1083 diuisa
1332 1026 1378 1094 sit,

260 1128 375 1186 tertium
405 1128 575 1185 adiunctum
605 1129 656 1196 sit,
686 1128 713 1185 si
739 1128 810 1198 quid
831 1127 1045 1200 praedictionis
1069 1145 1160 1186 conso
1183 1145 1216 1186 en
1231 1129 1379 1201 portentis

258 1233 287 1288 et
314 1231 453 1288 monstris
475 1227 607 1303 Sibyllae
635 1231 804 1301 interpretes
835 1229 1038 1302 haruspicesve
1058 1233 1245 1300 monuerunt,
1274 1230 1379 1289 harum

259 1348 310 1406 epo
339 1332 514 1405 relipionum
541 1331 658 1389 nullom
685 1348 827 1402 umquam
857 1332 1097 1390 contcnmmdam
1119 1333 1228 1404 putaui
1251 1332 1380 1405 mihique

257 1436 302 1493 ita
335 1436 486 1508 persensi,
526 1434 687 1491 Romulum
724 1435 876 1506 auspiciis,
916 1433 1049 1492 Numam
1084 1436 1177 1493 sacris
1214 1436 1380 1493 constitutis

256 1537 454 1610 fundamenta
476 1537 577 1594 iecisse
597 1538 717 1593 nostroe
739 1537 875 1604 ciuitatis,
899 1553 974 1608 quoe
994 1553 1156 1608 numquam
1164 1536 1301 1610 profecto
1317 1539 1381 1595 sine

257 1655 373 1698 summa
396 1639 570 1710 placatione
597 1638 716 1696 deorum
737 1637 948 1695 immortalium
972 1642 1058 1696 tantu
1080 1655 1142 1696 esse
1156 1641 1306 1711 potuisset
1327 1683 1378 1697 ...

257 1738 287 1798 A
313 1744 339 1799 tc
354 1741 430 1798 enim
441 1739 619 1814 philosopho
633 1741 779 1797 rationem
795 1741 922 1812 accipere
938 1740 1023 1798 debeo
1038 1740 1197 1813 relipionis,
1218 1741 1379 1798 maioribus

259 1845 357 1901 antem
387 1843 498 1900 nostris
531 1843 620 1900 etium
650 1842 738 1899 nulla
769 1843 886 1900 ratione
917 1841 1035 1900 reddita
1068 1842 1182 1900 medem
1314 1841 1379 1918 §9:

256 1945 338 2004 Mihi
364 1946 440 2003 enim
465 1962 558 2002 unum
583 1947 632 2003 sat
654 1947 728 2013 erut,
754 1945 800 2002 ita
821 1945 905 2003 nobis
926 1945 1053 2003 maiores
1073 1947 1190 2003 nostros
1214 1944 1379 2005 tradidisse.

257 2047 366 2106 Mansit
393 2048 481 2122 igitur
504 2047 605 2107 Cicero
635 2047 708 2105 civis
730 2047 890 2119 Romanus,
919 2046 1146 2105 studiosissimus
1175 2063 1247 2105 sane
1275 2048 1379 2105 artium

257 2149 447 2223 ingenuarum
469 2152 499 2207 et
522 2146 654 2206 discendi
675 2147 885 2223 cupidissimus,
907 2147 960 2206 sed
982 2165 1097 2222 semper
1119 2149 1202 2222 quasi
1221 2148 1328 2223 hospes
1352 2152 1379 2207 et

258 2249 416 2324 discipulus
436 2250 467 2306 in
481 2248 591 2308 scholis
606 2247 846 2324 philosophorum
863 2248 1048 2324 Graecorum,
1072 2251 1102 2306 in
1117 2251 1254 2308 universa
1269 2251 1380 2308 ratione

258 2355 288 2410 et
308 2350 453 2410 sentiendi
476 2355 504 2410 et
526 2349 644 2410 dicendi
665 2354 771 2409 orator.
815 2349 900 2421 Quod
921 2352 1076 2425 proverbio
1100 2351 1217 2410 dicitur:
1247 2351 1379 2410 docendo

258 2453 403 2527 discimus,
426 2455 533 2529 optime
556 2451 681 2527 quadrat
701 2454 732 2510 in
753 2452 946 2529 philosophas
969 2453 1030 2511 eius
1048 2454 1278 2512 exercitationes.
1311 2455 1380 2528 Ipse

259 2555 295 2613 de
317 2559 376 2617 nat.
392 2554 499 2613 deoal
521 2553 571 2631 §9
595 2555 682 2612 animi
704 2571 735 2612 se
757 2552 939 2628 aegritudine
962 2556 1134 2612 commotum
1157 2571 1216 2612 non
1239 2552 1379 2612 modoad

257 2657 400 2733 legendos
422 2657 524 2722 libros,
548 2656 710 2715 sedetiam
732 2654 770 2713 ad
792 2659 881 2714 totam
904 2655 1121 2731 philosophiam
1142 2654 1379 2731 pertractandam

258 2777 289 2818 se
312 2758 427 2817 dedisse
449 2757 598 2817 coufessus
620 2758 727 2832 pergit:
758 2775 874 2816 omnes
897 2761 1012 2816 eutem
1036 2759 1110 2816 eins
1125 2761 1252 2832 portes
1275 2762 1380 2831 elque

259 2863 375 2920 omnia
414 2861 564 2919 membra
606 2863 675 2918 tum
710 2860 888 2933 facillime
923 2863 1131 2930 noscuntur,
1174 2877 1247 2918 cum
1285 2864 1380 2919 totae

260 2964 487 3037 quaestiones
515 2963 700 3022 scribendo
729 2963 958 3035 explicantur
1082 2961 1139 3037 Qui
1166 2966 1262 3021 antem
1284 2964 1379 3036 requi-

257 3070 340 3136 rmit,
372 3066 443 3139 quid
471 3083 586 3139 quoque
614 3066 649 3124 de
678 3082 710 3124 rc
738 3067 797 3138 episi
824 3066 998 3134 sentiamus,
1029 3066 1172 3123 curiosius
1200 3065 1233 3122 id
1253 3066 1379 3138 fuciunt,

260 3187 348 3243 quom
363 3186 477 3228 necesse
493 3172 542 3227 est.
568 3171 603 3227 In
618 3168 794 3227 Tusculanis
811 3171 906 3226 autem
923 3166 1167 3243 disputationibus
1182 3168 1207 3241 (Ι
1222 3166 1255 3243 ἐξ
1271 3169 1379 3242 loqu),

258 3272 309 3329 ubi
335 3272 448 3329 litteras
473 3271 594 3329 Latinas
623 3287 687 3328 cum
710 3269 829 3328 Graecis
858 3268 983 3341 coniert,
1012 3272 1164 3343 postquam
1193 3268 1305 3343 priores
1333 3285 1379 3326 re·

257 3373 414 3450 prehendit
445 3373 533 3430 libros
557 3371 685 3430 latinos
714 3371 930 3430 inconsiderate
958 3372 1093 3446 suhites,
1127 3369 1205 3444 quod
1234 3369 1288 3428 sibi
1316 3370 1380 3445 ipse

259 3474 449 3551 proposuerit,
471 3474 513 3533 sic
536 3473 683 3533 describit:
708 3473 805 3547 Quare
826 3475 858 3532 si
884 3473 1025 3545 aliquid
1051 3472 1235 3530 oratoriae
1264 3472 1380 3530 laudis

258 3579 362 3636 nostra
404 3576 558 3634 attulimus
598 3576 760 3644 industria,
800 3575 893 3632 multo
934 3573 1096 3632 studiosius
1125 3572 1381 3646 philosophiae

258 3680 380 3752 fontes
403 3680 610 3750 aperiemus,
634 3693 648 3734 e
671 3677 775 3749 quibus
798 3677 886 3735 etiam
907 3677 964 3734 illo
984 3676 1184 3751 manabant.¹)

344 3780 487 3851 Quoniam
503 3783 599 3838 autem
615 3780 779 3837 etiamnunc
801 3778 842 3837 de
865 3777 1035 3838 Cicerone
1056 3776 1271 3855 philosopho
1289 3775 1379 3835 valde

259 3883 428 3959 discrepant
456 3881 631 3954 sententiae,
661 3897 715 3955 ego
746 3880 787 3938 eis
814 3879 970 3952 assentior,
1001 3881 1051 3954 qui
1073 3878 1234 3939 defendunt
1256 3895 1321 3937 eum
1343 3875 1379 3935 ab

344 4030 366 4098 ¹)
383 4028 424 4086 af.
444 4028 525 4083 eoam
543 4028 578 4082 de
596 4026 666 4082 fini
684 4026 826 4097 §31qu
849 4030 881 4080 ut
903 4025 980 4082 locos
1002 4027 1030 4081 in
1053 4041 1087 4082 ea
1109 4042 1139 4083 rs
1162 4024 1278 4080 mmime
1300 4024 1380 4079 tritos

259 4113 370 4170 afferam
388 4128 490 4169 omnes.
