3120 4972
275 358 317 416 42

275 531 449 602 Diodorum,
470 531 558 590 sicin
573 531 733 592 Carneadis
746 533 920 591 sententiam
936 536 1069 592 naturam
1083 533 1246 594 Stoicorum
1261 532 1400 607 infundit3

275 634 379 693 eadem
401 636 535 694 sollertia
549 634 766 694 contentionem
779 634 904 694 Diodori
918 639 948 694 et
962 634 1119 712 Chrysippi
1134 639 1304 713 composuit,
1326 655 1399 712 cunr,

275 739 346 813 qnia
367 739 397 796 in
418 737 497 796 hunc
518 739 616 797 locum
638 737 667 813 (ἕ
685 737 737 813 13)
759 738 911 810 convenit,
937 738 1044 797 divinis
1064 739 1223 815 praedictis
1244 741 1309 815 ipsa
1330 758 1399 799 eon·

274 843 365 899 traria
393 842 504 900 ratione
533 858 602 899 usus
631 846 676 898 est
698 844 787 914 atque
808 841 839 899 in
860 841 947 914 533,
976 841 1026 900 ubi
1047 846 1147 917 aptum
1169 846 1232 901 erat
1253 842 1400 902 Carneadi

274 943 427 1018 astipulari
454 943 515 1000 illis
545 940 696 1001 diffidenti.
738 943 826 1000 Nunc
852 960 911 1001 non
933 943 991 1001 iam
1013 943 1139 1016 mireris,
1168 943 1247 1017 quod
1272 944 1303 1002 in
1324 944 1398 1019 §25

275 1050 368 1116 cavet,
389 1063 427 1102 αα
442 1062 540 1104 marries
554 1063 586 1103 se
599 1046 720 1118 physici
734 1045 885 1114 irrideant,
907 1044 987 1119 qnod
1001 1045 1047 1121 (ἐξ
1062 1044 1202 1121 43-44)
1216 1046 1398 1106 Carneadem

274 1154 305 1205 et
326 1146 534 1223 Chrysippum,
563 1148 648 1221 quasi
676 1151 816 1222 patronos
844 1153 874 1205 et
903 1146 999 1207 tontes
1025 1165 1095 1206 suae
1116 1148 1291 1221 sententiae,
1320 1148 1397 1207 idem

273 1251 381 1308 sentire
417 1247 515 1320 docet,
555 1248 635 1322 quod
667 1248 793 1323 denique
825 1248 913 1308 audet
945 1267 1026 1308 suam
1058 1251 1200 1309 rationem
1233 1249 1398 1326 Chrysippo

274 1368 389 1426 quoquc
422 1352 566 1426 imputare
599 1353 627 1424 (ξ
644 1351 709 1425 39);
742 1369 810 1408 nam
843 1352 907 1426 ipsc
939 1350 970 1409 id
1001 1350 1143 1426 perticere
1176 1351 1286 1425 studet,
1318 1351 1397 1427 quod

273 1455 356 1512 illum
379 1455 507 1513 voluisse
528 1458 637 1526 censet,
662 1458 813 1526 terrequcm
836 1455 945 1512 arbiter
966 1453 1142 1514 lectorarius
1159 1456 1287 1514 caelium
1300 1456 1396 1529 ferire.

358 1558 441 1615 Haec
466 1558 540 1616 ratio
568 1574 629 1614 non
651 1560 696 1615 est
716 1555 885 1632 philosophi
907 1555 1028 1615 audacis
1050 1574 1144 1631 neque
1166 1557 1280 1632 sagacis
1301 1574 1397 1631 neque

273 1658 461 1718 acerbitatem
483 1660 546 1718 veri
568 1660 701 1732 amantis,
722 1659 809 1718 immo
832 1659 953 1718 mitioris
976 1664 1005 1718 et
1027 1664 1166 1734 tanquam
1188 1659 1297 1719 senilis.

360 1965 503 2036 Quoniam
528 1983 621 2039 usquo
646 1965 685 2025 ad
711 1966 805 2041 ipsum
826 1964 967 2025 Antiochi
992 1966 1099 2025 librum
1121 1967 1269 2042 progressi
1291 1985 1396 2041 sumus,

273 2069 357 2143 quasi
386 2072 454 2127 ante
476 2067 567 2127 limen
589 2067 757 2144 philosophi
779 2073 887 2127 stamus
909 2069 1018 2128 intrare
1041 2069 1205 2145 cupientes,
1235 2088 1311 2146 quae
1331 2071 1395 2147 ipso

272 2188 305 2228 re
327 2189 398 2228 vera
420 2170 533 2242 sentiat,
555 2170 719 2228 accuratius
740 2188 799 2229 non
821 2169 906 2229 modo
926 2170 956 2229 in
975 2170 1140 2230 universum
1155 2171 1208 2231 sed
1223 2173 1395 2248 singillatim

272 2273 428 2348 accepturi.
483 2271 621 2342 Quaestio
654 2277 710 2345 est,
747 2290 813 2347 qua
848 2273 987 2332 ratione
1019 2273 1142 2334 Cicero
1178 2291 1247 2333 non
1282 2276 1394 2334 solum

273 2374 430 2434 ordinem
462 2375 663 2434 universum
696 2379 729 2434 et
758 2375 998 2451 partitionem,
1031 2376 1091 2435 ned
1120 2377 1223 2435 etiam
1253 2377 1395 2453 singulo

271 2477 380 2537 verbe
410 2481 443 2536 et
471 2477 670 2537 sententias
699 2476 904 2540 reddiderit.
947 2478 1066 2552 Duplex
1095 2478 1212 2538 videtur
1234 2496 1298 2538 esse
1320 2480 1394 2539 haec

272 2582 412 2656 quaestio.
439 2580 510 2641 Cum
526 2581 601 2639 enim
614 2580 777 2639 Antiochus
788 2580 904 2656 saepius
916 2581 1048 2655 aliorum,
1063 2579 1201 2641 videlieet
1216 2580 1394 2655 adverbum,

272 2686 475 2761 exscripsisset
500 2685 716 2757 conclusiones,
743 2685 828 2742 etiam
856 2684 990 2745 Ciceroni
1017 2701 1069 2743 eac
1096 2683 1186 2744 verbo
1214 2689 1298 2743 tenus
1325 2701 1393 2743 con-

271 2787 431 2846 vertendae
454 2790 549 2859 erant;
571 2787 775 2862 interrogatur,
797 2803 923 2861 quanam
946 2785 1098 2861 diligentia
1119 2789 1149 2844 et
1166 2784 1223 2845 fide
1238 2785 1268 2844 id
1283 2785 1393 2845 lecerit.

271 2889 366 2948 Adest
381 2888 511 2949 definitio
527 2889 580 2948 tati
594 2890 704 2965 primae
719 2890 796 2964 parti
811 2907 847 2947 ex
859 2888 1023 2964 Chrysippo
1034 2888 1195 2965 proposita:
1211 2887 1393 2949 manifestum

271 3009 377 3050 censeo
393 3009 456 3050 esse
471 2992 563 3050 verba
575 2991 688 3051 Graeca
702 2992 793 3066 magis
809 2992 961 3066 eleganter
971 3009 1058 3066 quam
1070 2991 1205 3051 sollerter
1217 2995 1245 3051 et
1257 2995 1393 3050 accurato

271 3113 289 3152 a
312 3094 451 3154 Cicerone
474 3111 538 3153 esso
560 3112 714 3169 conversa,
738 3097 768 3152 at
790 3093 821 3152 id
843 3111 958 3169 quoque
980 3095 1086 3167 elucet,
1107 3095 1177 3154 satis
1200 3112 1264 3154 eum
1286 3111 1393 3171 operae

272 3197 528 3272 impedivissent
551 3200 580 3254 et
601 3199 681 3256 recte
704 3200 733 3255 et
755 3195 882 3255 dilucide
905 3195 1082 3255 transferret.
1124 3197 1214 3256 Porro
1237 3214 1301 3255 cum
1325 3214 1392 3256 con·

271 3297 390 3358 ferimus
411 3301 493 3358 locos
515 3300 658 3374 genuinos
682 3302 710 3357 et
732 3317 795 3372 eos,
818 3316 891 3375 quos
913 3299 1075 3357 invenimus
1098 3298 1136 3356 ad
1157 3300 1273 3358 illorum
1297 3317 1392 3359 exem·

270 3403 351 3477 plum
375 3403 550 3477 compositos
573 3419 650 3471 esec,
673 3400 706 3478 ἐξ
723 3399 855 3462 iti—28
879 3419 944 3460 oum
966 3401 1000 3478 ἓξ
1018 3402 1056 3460 18
1072 3418 1135 3476 sqq.
1158 3404 1188 3459 et
1209 3399 1242 3477 ἕξ
1259 3401 1392 3460 46-48

272 3521 337 3561 cum
359 3503 392 3580 §b
409 3506 449 3561 22
466 3521 537 3578 sqq,
567 3504 663 3562 statim
693 3506 826 3578 apparet,
857 3507 888 3562 ut
916 3504 990 3562 locis
1021 3503 1155 3578 genuinis
1182 3520 1295 3563 errores
1320 3504 1391 3562 vite-

270 3609 382 3678 rentur,
412 3624 470 3664 non
500 3606 587 3663 aliter
616 3604 680 3663 ficri
708 3607 836 3681 potuisse
866 3606 921 3664 nisi
950 3607 1003 3677 ite,
1032 3609 1063 3664 ut
1085 3605 1187 3666 Cicero
1213 3604 1305 3665 verba
1326 3606 1393 3665 libri

271 3708 410 3783 descripti
431 3711 608 3782 sequeretur.
644 3707 781 3767 Nondum
804 3707 870 3766 dico
893 3707 1072 3767 adverbum
1095 3725 1160 3766 eum
1183 3708 1291 3784 passim
1313 3709 1392 3768 illius

271 3814 438 3868 contextum
449 3810 641 3884 transtulisse,
653 3809 684 3868 id
695 3811 788 3868 solum
801 3809 954 3883 contendo,
967 3827 1032 3869 eum
1042 3828 1156 3885 semper
1165 3810 1203 3869 ad
1213 3811 1292 3870 illius
1304 3809 1393 3870 verba

270 3914 447 3988 respexisse,
473 3914 528 3971 illa
550 3913 578 3972 ei
600 3930 714 3988 semper
735 3913 766 3969 in
787 3912 942 3971 scribendo
965 3911 1003 3971 ad
1025 3930 1126 3972 manus
1150 3917 1179 3972 et
1202 3917 1268 3972 ante
1291 3914 1392 3972 oculos

270 4013 372 4073 fnisse:
399 4033 468 4072 nam
497 4017 624 4090 exempli
645 4017 740 4089 gratia
763 4015 793 4072 in
816 4014 875 4090 5¹7,
903 4033 977 4090 quae
1000 4016 1127 4091 scripsit:
1153 4016 1268 4089 relique
1283 4019 1392 4089 posteo

264 4134 474 4190 persequemur
495 4119 651 4176 verisimile
672 4121 743 4194 puto
767 4118 804 4177 ab
827 4135 861 4176 eo
885 4122 994 4178 mutata
1016 4135 1078 4178 esse
1101 4120 1308 4177 convenienter
1326 4133 1390 4174 cum

271 4235 324 4276 sua
345 4218 398 4279 fati
420 4219 598 4293 delinitione,
621 4220 652 4278 in
674 4220 754 4279 tonte
777 4221 885 4280 clarius
907 4220 996 4279 inisse
1020 4221 1136 4294 dictum,
1158 4222 1259 4296 postea
1281 4217 1391 4291 quaeri,

270 4338 337 4378 num
361 4308 575 4404 ἀπαράβατος
598 4324 635 4382 sit
656 4317 677 4406 ἡ
699 4316 839 4405 τοιαύτη
863 4317 1039 4406 ἐπιπλοκὴ.
1077 4321 1136 4384 Sed
1157 4319 1213 4381 hoc
1234 4317 1310 4379 nihil
1328 4316 1390 4378 fere
