3120 4972
1299 345 1339 405 47

218 525 320 582 contra
338 517 529 599 philosophos
544 520 682 594 intentae,
704 516 822 597 praeter
836 514 938 579 Sosum
954 523 990 595 st,
1013 514 1208 595 meoquidsm
1223 518 1339 592 iudicio,

218 618 390 686 κανονικὰ.
433 625 502 701 Ipsa
528 641 643 700 quoque
670 624 785 682 indoles
808 623 949 681 Antiochi
975 622 1067 698 magis
1093 622 1131 680 ad
1157 639 1240 681 usum
1263 623 1339 680 vitae

218 728 390 786 inclinabat:
420 727 585 804 aptissimus
607 727 696 801 igitur
718 729 788 797 erat,
811 725 859 800 qui
882 725 955 784 adeo
979 723 1198 784 accommodata
1219 728 1340 782 naturae

218 830 412 888 Romanorum
435 828 640 903 conscriberet,
663 829 750 903 quale
773 827 810 886 de
831 826 940 886 fin.lV.

304 931 381 1003 Quas
408 932 618 1008 disputationes
646 931 683 990 ab
706 929 853 990 Antiocho
880 930 943 1006 ipso
970 931 1001 987 in
1027 931 1133 1005 vulgus
1160 930 1252 988 editas
1276 948 1339 989 esso

218 1052 302 1092 uemo
328 1036 386 1092 iam
408 1034 559 1107 infitiatur,
587 1035 639 1092 etsi
661 1034 864 1109 inscriptiones
888 1051 987 1091 esrum
1008 1050 1150 1107 nusquam
1173 1031 1339 1091 traduntur:

217 1136 356 1196 habemus
380 1137 529 1196 Ciceronis
557 1154 621 1194 cum
647 1137 843 1195 testimonium
871 1136 907 1195 de
933 1137 1009 1195 libro
1037 1135 1076 1194 ad
1097 1136 1224 1194 Balbum
1251 1135 1339 1193 misso

217 1243 276 1297 tum
299 1240 378 1314 ipsos
400 1240 491 1298 libros
514 1256 680 1312 conversos,
702 1249 756 1315 pro
779 1238 944 1298 nominibus
965 1255 1020 1296 res.
1054 1236 1181 1308 Quarum
1203 1255 1262 1295 una
1277 1241 1341 1296 erat

217 1338 294 1419 περὶ
316 1335 518 1424 εἱμαρμένης,
549 1342 685 1401 Fortasse
708 1343 806 1416 aliquo
830 1340 916 1399 modo
939 1338 1115 1398 cohaerebat
1137 1357 1202 1398 cunr
1225 1338 1260 1398 ea
1283 1339 1340 1397 dis-

216 1444 380 1518 putatione,
410 1461 484 1518 quae
514 1444 831 1519 (ae.11§§37-39)
861 1442 963 1500 mirum
994 1445 1131 1517 quantum
1160 1442 1191 1498 in
1217 1440 1339 1499 eandem

217 1546 358 1621 prospicit
390 1545 427 1604 ds
459 1546 597 1604 libertate
629 1545 789 1603 voluntatis
821 1546 937 1604 nostrae
968 1544 1153 1615 sententiam3
1190 1560 1253 1601 cum
1283 1542 1340 1601 hac

217 1651 313 1705 autem
336 1648 398 1706 sins
421 1647 509 1706 dubio
531 1649 686 1706 coniuncta
708 1651 752 1706 est
774 1648 904 1722 quaestio
920 1643 995 1725 aspi
1012 1642 1129 1718 τέλους
1143 1645 1340 1722 (ac.1129).¹)

217 1749 302 1807 Ratio
331 1767 401 1809 vero
432 1750 614 1825 disceptandi
643 1749 744 1823 eadem
774 1753 861 1825 atque
890 1750 920 1806 in
949 1749 1026 1808 libro
1056 1747 1093 1807 de
1114 1746 1175 1806 fsto
1197 1749 1341 1824 reperitur

217 1852 247 1908 in
274 1869 321 1924 so,
351 1871 387 1910 ex
410 1870 467 1927 quo
490 1852 592 1912 Oioero
616 1856 749 1927 quartum
772 1870 854 1911 suum
876 1851 914 1910 de
935 1851 1042 1910 finibus
1064 1849 1209 1923 exhausit3
1238 1851 1339 1909 eodem

217 1957 355 2030 tempore,
378 1973 452 2030 quae
475 1956 546 2015 ac.I
568 1955 602 2032 ἓξ
617 1955 728 2031 15sqq.
751 1955 900 2028 docentur,
923 1955 1059 2013 videntur
1081 1955 1246 2029 conscripta
1269 1970 1340 2012 esse.

678 2143 881 2150 —...-——-

302 2295 350 2353 De
367 2292 502 2355 Cicerone
517 2295 695 2368 philosopho
711 2313 786 2371 quae
802 2313 839 2354 ex
854 2296 1024 2369 quaestione
1040 2313 1103 2354 mea
1119 2300 1340 2371 cousequantur,

221 2399 263 2457 sic
286 2398 413 2457 breviter
436 2400 627 2474 complectar:

307 2502 331 2558 l.
368 2499 476 2560 Omnes
505 2505 604 2577 partes
634 2502 696 2560 eius
725 2502 861 2577 propriae
890 2503 1013 2561 oratoris
1044 2503 1186 2562 rationem
1216 2508 1245 2561 et
1271 2520 1340 2561 con-

217 2602 399 2661 suetudinem
427 2621 498 2678 prae
528 2620 559 2662 se
588 2602 696 2675 ferunt;
730 2622 788 2662 non
817 2605 911 2679 potuit
942 2605 1044 2665 (licere
1074 2605 1214 2677 scribere,
1247 2605 1340 2663 libros

218 2709 296 2763 certe
322 2706 353 2762 in
380 2706 485 2780 vulgus
513 2704 655 2778 edendos,
681 2706 738 2764 nisi
763 2707 896 2781 relapsus
918 2706 949 2764 in
972 2707 1157 2781 quaestiones
1179 2706 1339 2766 rhetorices

217 2812 246 2865 st
268 2808 381 2882 copiam
404 2808 558 2867 verborum
581 2813 751 2883 ceterasque
774 2812 850 2866 artes
873 2809 1022 2867 oratorias.
1052 2809 1155 2883 ltaque
1178 2810 1239 2867 eius
1262 2808 1340 2866 modi

217 2911 300 2984 sigua
330 2911 454 2985 vestigia
482 2914 604 2985 possunt
632 2911 799 2983 existimari,
827 2912 903 2970 tales
932 2913 1014 2970 locos
1037 2912 1075 2970 ab
1097 2912 1161 2986 ipso
1183 2927 1247 2969 esse
1270 2929 1338 2968 con-

218 3011 349 3086 scriptos.

303 3114 331 3170 2.
367 3113 417 3172 Ad
446 3131 508 3171 rom
539 3115 575 3173 de
605 3133 657 3173 suo
687 3114 763 3172 nihil
792 3117 890 3174 attulit
915 3117 946 3174 in
969 3110 1166 3190 disputationis
1188 3119 1288 3174 nostra
1310 3120 1340 3174 et

217 3233 264 3289 ea,
295 3232 368 3289 quae
395 3214 514 3273 aliunde
537 3215 709 3291 adsumpsit,
739 3218 911 3291 plerumque
942 3221 1024 3276 extra
1046 3235 1107 3276 rem
1130 3217 1339 3291 digrediuntur.

302 3318 329 3375 3.
366 3319 404 3376 Et
426 3318 499 3377 ratio
523 3322 592 3391 tota,
615 3335 673 3392 qua
696 3337 733 3376 ex
754 3318 835 3377 tonte
857 3317 961 3392 hausit,
985 3322 1013 3378 et
1034 3321 1133 3393 partes
1156 3319 1277 3394 abipso
1301 3319 1340 3378 ad

216 3419 382 3495 exemplum
409 3421 598 3495 genuinerum
625 3420 722 3479 factae
749 3424 778 3481 et
806 3438 918 3480 errores
941 3423 1042 3480 mutati
1064 3421 1174 3480 ordinis
1196 3423 1339 3479 testantur

216 3519 385 3580 Ciceronem
401 3540 460 3581 non
475 3523 661 3600 perspexisse
676 3540 771 3598 neque
783 3523 966 3582 intellexisse
978 3541 1072 3598 neque
1085 3523 1249 3582 universam
1261 3542 1337 3582 com-

215 3623 388 3697 positionem
410 3643 505 3700 nequc
528 3627 644 3701 singula
667 3629 838 3700 argumenta
860 3626 1061 3701 disputationis
1083 3625 1237 3698 Antiochi,
1260 3633 1338 3685 certe

216 3742 276 3782 non
301 3726 423 3785 alterius
445 3728 548 3801 partis,
579 3745 655 3803 quae
678 3727 795 3801 quidem
818 3726 945 3786 difficilis
968 3732 1012 3787 est
1034 3726 1071 3786 ad
1094 3727 1338 3802 intellegendum:

216 3843 311 3900 neque
333 3845 404 3885 vero
427 3830 496 3888 satis
519 3835 635 3888 strenue
658 3830 839 3902 elaborabat,
862 3828 913 3887 sed
935 3830 1027 3904 primo
1049 3833 1171 3906 aspectu
1191 3847 1255 3889 cum
1270 3849 1339 3906 pars

217 3946 263 4002 ea,
293 3946 368 4004 quae
396 3935 440 3989 est
465 3927 542 4010 περὶ
565 3927 732 4006 δυνατῶν,
759 3951 777 3990 a
798 3933 946 4007 proposito
969 3933 1116 3992 videretur
1138 3934 1282 4009 incipere,
1308 3935 1339 3991 in

215 4032 364 4107 prooemio
387 4050 451 4091 eam
473 4035 587 4091 tertiam
609 4035 790 4093 enumeravit
811 4035 899 4092 totius
921 4033 1123 4109 disputationis
1145 4040 1270 4111 partem,
1301 4035 1338 4094 do

215 4137 298 4212 parte
320 4135 485 4210 insequenti
507 4137 623 4194 omnino
645 4138 744 4195 tacuit.
776 4137 875 4212 Atque
891 4137 979 4195 etiam
993 4141 1054 4196 tota
1068 4137 1142 4196 haec
1156 4139 1339 4214 singularum

217 4255 421 4264 .—--—-

300 4319 537 4393 h=mffih
