3120 4972
1303 173 1343 234 37

219 337 454 401 demonstrantur
485 314 535 401 uel
568 340 742 416 refutantur,
775 343 866 402 multo
899 343 1004 403 certius
1034 343 1219 405 continentur
1246 345 1344 406 verbis

219 444 351 503 Graecis:
381 432 600 523 άπαραβάτου
631 432 732 526 οὔσης
754 443 812 526 τῆς
834 439 993 527 τοιαύτης
1016 441 1200 531 ἐπιπλοκῆς
1211 447 1232 524 ¹)
1256 466 1343 524 quam

217 546 415 606 incertissimis
434 546 558 605 Latinis:
581 547 695 618 reliqua
711 551 818 620 postea
833 565 1056 621 persequentum
1078 551 1128 609 ubi
1143 549 1252 622 Cicero,
1275 552 1344 626 quia

217 650 310 708 libere
344 648 488 708 Graecum
521 648 700 724 propositum
733 651 934 724 transtulerat,
968 651 1031 726 ipsa
1064 669 1133 711 suae
1166 650 1343 712 definitionis

217 751 308 810 verba
329 767 390 809 uon
411 751 505 825 potuit
526 753 667 826 repetere.

302 851 384 923 Quae
417 870 488 911 vero
521 851 597 911 idem
631 852 744 913 Gellius
777 853 862 913 brevi
894 859 960 929 post
986 856 1054 929 (VII
1070 856 1162 933 2,15)
1197 874 1233 916 ex
1266 857 1342 918 libro

216 959 315 1014 nostro
347 955 441 1013 affert:
474 952 657 1028 Chrysupus
685 959 826 1014 acetuaus
859 956 1066 1029 laboransque,
1099 975 1228 1029 quouauu
1249 963 1342 1032 paeto

218 1058 340 1131 eapticet
366 1061 394 1115 et
418 1058 484 1130 fato
512 1058 611 1115 amula
636 1057 701 1129 fieri
731 1062 759 1116 et
786 1074 847 1116 esse
874 1058 1041 1130 aliquidue
1063 1061 1159 1130 uobis,
1185 1062 1344 1119 tutrieatur

218 1161 271 1218 1000
303 1160 389 1218 uodo
419 1159 568 1219 Ciceronis
602 1175 666 1217 esse
696 1159 787 1217 verba
817 1163 886 1233 pute
918 1159 1117 1220 vehementius
1147 1160 1342 1238 Chrysippum

217 1261 420 1337 vituperantis3
450 1278 551 1336 perum
575 1260 732 1319 concinunt
754 1277 819 1319 cum
841 1261 874 1337 ἐξ
890 1262 930 1319 39
942 1278 1005 1336 sqq.
1048 1262 1233 1321 Probabilius
1256 1281 1342 1337 quam

217 1381 282 1423 cum
311 1364 378 1422 loeo
408 1362 493 1422 modo
522 1365 647 1421 tractato
675 1361 751 1421 haec
781 1343 986 1438 coniungenda
1016 1363 1073 1422 siut
1103 1382 1168 1424 cum
1198 1365 1271 1441 §40
1297 1383 1342 1425 as-

217 1465 407 1524 sensicnibue.
441 1464 583 1535 Quoniam
605 1462 662 1522 hoe
684 1463 751 1524 loco
773 1465 881 1540 legitur
901 1466 1195 1540 asseueu'ouespu'uua
1211 1469 1343 1527 oratioue

218 1572 363 1628 tractatas
386 1584 455 1637 esse,
477 1583 598 1626 neeesse
622 1569 665 1625 est
686 1565 743 1626 hoc
765 1568 942 1641 quaestionis
964 1568 1077 1627 initium
1099 1570 1223 1645 perisse;
1246 1588 1342 1645 neque

216 1690 285 1731 vero
308 1670 396 1730 credo
418 1670 499 1728 initio
523 1668 725 1744 disputationis
744 1669 886 1729 Antiochi
908 1669 938 1728 id
960 1670 1068 1730 factum
1091 1670 1190 1731 fuisse:
1215 1691 1283 1731 uam
1306 1672 1343 1733 de

217 1774 447 1845 assensionibus,
480 1775 620 1846 quantum
650 1771 766 1845 quidem
797 1770 834 1829 ad
865 1771 1090 1847 disputationem
1122 1791 1203 1833 suam
1232 1774 1342 1834 referre

216 1877 352 1952 potuit,²)
382 1872 538 1932 admodum
568 1873 685 1948 copiose
715 1873 776 1947 agit
804 1876 839 1944 ἐξ
856 1874 895 1930 39
908 1891 971 1948 sqq.
1016 1875 1071 1932 Vix
1100 1878 1196 1949 potest
1221 1877 1343 1951 cogitari

217 1977 254 2036 de
276 1976 386 2035 eisdem
409 1977 445 2034 ab
468 1976 521 2033 1110
544 1975 601 2032 iam
624 1979 710 2032 autea
732 1975 897 2033 accuratius
921 1992 984 2034 esee
1009 1974 1199 2051 disputatum,
1230 1978 1343 2037 scilieet

216 2097 275 2138 non
305 2078 342 2137 (10
370 2078 456 2154 ipsis,
485 2076 538 2135 sed
566 2077 619 2148 ita,
649 2080 680 2134 ut
709 2075 747 2134 ad
776 2075 853 2135 hauc
875 2078 1073 2151 quaestionem
1096 2079 1209 2137 relatae
1232 2083 1342 2152 esseut;

216 2199 284 2239 uam
313 2179 343 2238 id
369 2196 454 2238 neme
482 2179 628 2254 opinetur,
658 2178 695 2237 de
721 2178 839 2238 notione
867 2182 896 2237 01
921 2183 1026 2238 natura
1053 2198 1151 2239 earum
1173 2181 1256 2241 initio
1278 2199 1342 2241 esse

217 2287 313 2342 actum
342 2285 372 2340 et
401 2281 449 2340 hic
478 2279 596 2339 tandem
625 2297 675 2339 030
706 2297 772 2339 cum
798 2282 968 2355 quaestione
990 2282 1055 2357 ipsa
1076 2284 1221 2358 coniungi.
1265 2282 1342 2353 Quid

218 2386 294 2445 euim
325 2387 400 2445 esset
426 2384 568 2457 assensio,
598 2382 719 2442 definire
740 2401 836 2458 neque
858 2383 943 2443 huius
966 2385 1146 2459 quaestionis
1168 2390 1231 2444 erat
1253 2389 1282 2445 01
1304 2386 1341 2444 ab

216 2487 363 2548 Antiocho
386 2488 416 2545 in
439 2504 474 2545 00
496 2487 573 2545 libro
597 2489 659 2544 erat
682 2487 852 2561 expositum,
875 2504 912 2545 ex
934 2505 990 2562 quc
1007 2487 1157 2547 Ciceronis
1173 2488 1256 2546 acll
1271 2487 1286 2564 ξ
1300 2488 1340 2546 30

217 2594 245 2650 01
267 2590 300 2668 §d
317 2590 440 2648 37-39
464 2587 587 2646 haustae
610 2591 684 2646 suut.
729 2587 863 2662 Accedit,
889 2588 968 2662 quod
990 2587 1125 2664 equidem
1147 2589 1231 2646 00110
1255 2587 1340 2648 modo

215 2711 334 2769 possum
357 2690 516 2751 concedere
543 2694 753 2765 campartem,
781 2707 838 2764 qua
860 2689 1078 2750 fundamentum
1099 2691 1188 2750 totius
1210 2690 1340 2767 disputa·

215 2796 302 2854 tionis
332 2795 426 2853 libera
453 2795 603 2851 voluntate
631 2811 717 2868 quam
744 2793 884 2852 acerrime
912 2791 1080 2851 confirmata
1106 2794 1222 2867 iacitur,
1251 2794 1341 2852 aliam

216 2900 414 2971 antegressum
437 2911 512 2967 esse,
539 2894 655 2952 minime
678 2893 714 2952 (10
736 2894 965 2967 assensionibus,
988 2893 1024 2953 de
1047 2896 1151 2970 quibus
1174 2913 1262 2970 agere
1283 2895 1341 2954 uisi

215 3016 248 3057 ue
279 2999 348 3056 satis
377 2995 526 3072 patefacta
554 2999 583 3054 et
612 2995 809 3054 demonstrata
838 2994 961 3054 hominis
991 3013 1060 3055 vere
1089 2994 1259 3072 philosophi
1280 3013 1340 3054 non

215 3101 309 3177 potuit
338 3117 411 3159 esse.
454 3099 532 3172 Ergo
556 3097 657 3157 Cicero
684 3097 746 3156 sive
777 3115 852 3173 quae
880 3115 917 3156 ex
943 3097 1016 3172 ipsis
1043 3100 1077 3169 ἓξ
1094 3099 1132 3156 39
1145 3115 1209 3173 sqq.
1231 3115 1339 3173 coguo-

215 3204 310 3276 00031,
335 3187 402 3260 'sive
433 3218 468 3259 ea
497 3202 574 3275 sola,
605 3217 680 3275 quae
707 3217 742 3258 ex
769 3200 824 3258 illa
849 3201 943 3258 altera
968 3199 1109 3258 Antiochi
1136 3199 1339 3276 disputatione,

215 3305 292 3364 uude
322 3304 490 3364 academica
514 3303 720 3378 exscripserat,
750 3320 810 3361 non
831 3304 923 3360 multo
946 3305 1032 3360 antea
1055 3301 1210 3375 didicerat,
1239 3304 1339 3377 aliquo

216 3407 302 3465 modo
324 3407 417 3481 prima
439 3407 570 3465 oratioue
590 3405 736 3476 tractavit,
759 3405 845 3463 simili
860 3403 954 3479 modo,
977 3422 1033 3479 quo
1049 3403 1086 3463 de
1102 3405 1185 3462 dial
1200 3407 1234 3476 ἐξ
1249 3404 1337 3480 lsqq.

216 3507 360 3584 quaedam
382 3508 544 3584 occupavit,
567 3524 642 3583 quae
664 3508 726 3582 ipse
742 3525 779 3567 ex
793 3507 876 3566 libris
891 3510 994 3582 postea
1009 3506 1170 3566 accuratius
1186 3507 1337 3581 exscriptis

216 3611 389 3685 collegerat,
418 3613 469 3668 aut
490 3628 547 3685 quo
570 3609 656 3670 modo
679 3609 795 3685 saepius
817 3612 919 3685 postea
941 3608 980 3667 ad
1002 3612 1173 3683 argumenta
1194 3608 1277 3667 libris
1300 3607 1337 3667 (10

215 3716 319 3771 natura
331 3712 451 3772 deorum
462 3714 623 3787 explanata
633 3712 770 3786 respexit.
793 3711 929 3769 Fortasse
941 3710 1029 3785 igitur
1040 3710 1130 3769 verba
1140 3711 1195 3768 illa
1207 3729 1224 3768 3
1236 3709 1336 3770 Gellio

215 3813 322 3874 tradita
345 3815 462 3874 omniuo
477 3815 570 3889 prima
584 3812 701 3872 fuerunt
717 3812 919 3888 disputationis
934 3810 971 3870 de
986 3810 1056 3885 fato,
1077 3815 1138 3869 tum
1153 3813 1336 3871 assensiones

301 4036 311 4066 1

301 4032 322 4187 ’1
340 4031 382 4173 gd.
399 4034 481 4171 111112.
491 4115 526 4170 (10
545 4115 627 4172 Stoic.
640 4130 696 4185 rep.
710 4130 768 4182 cap.
780 4119 813 4168 47
832 4119 860 4169 et
877 4129 916 4170 ac.
931 4113 959 4168 11
972 4118 1081 4170 37-39,
