3144 4980
296 1189 426 1297 Aetatis
448 1237 566 1293 nostrae
589 1236 633 1292 est
655 1231 691 1291 de
713 1232 839 1290 maximo
861 1249 976 1306 quoque
999 1232 1061 1290 viro
1083 1235 1171 1306 atque
1185 1232 1342 1308 praecipue

222 1337 258 1396 de
280 1337 468 1412 scriptoribus
490 1335 693 1394 illustrissimis
714 1333 744 1392 id
766 1335 889 1409 primum
911 1334 1104 1408 interrogare,
1132 1338 1239 1407 utrum,
1267 1350 1342 1408 quae

222 1439 379 1512 ediderint,
401 1438 611 1513 exquisiverint
633 1438 689 1512 ipsi
711 1455 749 1494 an
771 1436 889 1494 aliunde
913 1437 1096 1511 sumpserint.
1134 1437 1179 1494 De
1201 1436 1343 1495 Cicerone

221 1542 308 1615 igitur
334 1541 359 1598 si
385 1558 485 1598 vorum
512 1543 553 1611 et,
583 1538 662 1612 quod
688 1538 796 1596 rationi
817 1537 885 1596 huic
907 1540 1072 1596 nostrorum
1094 1539 1253 1611 temporum
1276 1553 1343 1595 con-

222 1643 333 1716 veniat,
361 1641 500 1699 iudicium
529 1642 662 1699 volumus
692 1637 833 1715 profiteri,
863 1640 988 1698 maxime
1015 1642 1060 1697 est
1085 1639 1280 1697 necessarium
1308 1636 1344 1696 de

223 1742 351 1802 fontibus
390 1743 531 1801 librorum
572 1743 635 1801 eius
671 1741 901 1816 disquisitionem
938 1741 1090 1800 instituere
1126 1741 1345 1799 accuratiorem.

222 1845 378 1905 Accedunt
399 1846 474 1904 aliae
497 1862 602 1903 causae
624 1845 779 1903 maximae:
809 1861 905 1918 neque
927 1844 1004 1901 enim
1026 1842 1063 1902 de
1086 1841 1234 1901 Ciceronis
1255 1842 1345 1916 ipsius

222 1948 375 2007 sententiis
408 1964 503 2021 neque
537 1947 573 2006 de
605 1945 803 2023 philosophis,
837 1963 959 2020 quorum
988 1944 1160 2020 disciplinas
1189 1944 1345 2002 memoriae

223 2049 363 2126 prodidit,
393 2049 512 2108 Graecis
541 2049 610 2108 satis
641 2052 719 2107 certe
748 2065 900 2123 possumus
930 2046 1071 2120 iudicare,
1102 2050 1257 2121 antequam
1280 2046 1346 2104 dili-

223 2152 389 2226 gentissime
423 2151 649 2223 distinxerimus,
683 2168 759 2225 quae
790 2153 889 2225 partes
919 2150 1061 2208 libromm
1090 2150 1181 2225 ipsius
1210 2149 1347 2224 propriae

224 2255 289 2328 sint,
313 2271 388 2328 quae
411 2271 448 2310 ex
470 2251 598 2310 fontibus
620 2251 751 2311 haustae.

310 2354 422 2425 Quibus
437 2353 557 2412 adducti
571 2354 665 2413 causis
676 2354 815 2428 permulti
825 2371 915 2428 opera
926 2353 1077 2414 Ciceronis
1089 2354 1348 2428 perlustraverunt,

225 2459 256 2514 in
288 2457 389 2532 primis
421 2456 513 2514 libros
546 2456 584 2514 ad
614 2454 831 2532 philosophiam
860 2457 1050 2531 pertinentes,
1085 2473 1141 2529 quo
1170 2456 1200 2512 in
1229 2472 1349 2514 numero

227 2562 293 2617 suut
314 2559 470 2630 Hirrelius‚
499 2556 698 2631 Schwenkius,
727 2558 836 2631 Hoyer,
863 2557 1023 2630 Schichius,
1051 2555 1266 2630 Schmehelius,
1296 2557 1350 2614 alii

226 2663 399 2736 complures.
449 2661 560 2719 Horum
588 2679 659 2719 vero
689 2678 726 2719 ex
755 2661 1057 2735 commentationibus,
1087 2662 1261 2735 quamquam
1290 2676 1350 2717 non

225 2762 267 2836 id,
298 2762 377 2838 quod
407 2762 475 2821 inde
498 2780 621 2835 sumam,
651 2763 745 2837 ipsum
768 2760 921 2820 ostendere
944 2762 1000 2820 sibi
1021 2764 1233 2837 proposuerunt
1254 2777 1350 2834 neque

227 2865 262 2925 de
293 2866 425 2925 omnibus
455 2866 529 2925 locis
558 2883 678 2940 prorsus
706 2864 850 2939 liquidum
873 2867 985 2923 constat
1006 2864 1155 2937 iudicium,
1184 2863 1257 2922 haec
1280 2863 1351 2922 mihi

226 2967 362 3026 videntur
392 2968 543 3041 consequi:
573 2984 669 3043 pauca
698 2970 748 3024 aut
776 2966 852 3024 nihil
882 2965 943 3025 fere
965 2966 1113 3026 Ciceronis
1134 2966 1256 3041 propria
1278 2983 1349 3039 esse,

226 3069 368 3127 librorum
402 3069 520 3144 quidem
552 3072 619 3144 post
648 3068 808 3127 discordias
838 3069 940 3127 civiles
971 3068 1125 3139 editorum3
1157 3069 1256 3142 itaque
1284 3086 1350 3143 per-

228 3169 348 3229 difficile
372 3188 435 3229 esse
458 3188 495 3229 ex
517 3171 559 3228 eis
581 3173 752 3244 argumenta
775 3187 875 3228 eruere
892 3169 928 3228 de
943 3170 1094 3228 sententiis
1110 3171 1351 3244 opinionibusque

228 3273 289 3330 sive
317 3273 409 3347 ipsius
435 3272 496 3330 sive
519 3271 638 3330 illorum
659 3275 835 3346 temporum,
865 3289 960 3346 neque
983 3270 1019 3329 de
1041 3271 1233 3346 religionibus
1255 3288 1350 3345 neque

229 3372 265 3432 de
288 3375 353 3432 aliis
377 3373 597 3448 quibuscunque
619 3373 714 3432 rebus.

312 3477 380 3534 Non
410 3493 478 3534 suus
511 3479 554 3535 est
576 3475 677 3535 Cicero
706 3476 737 3533 iu
767 3474 812 3533 his
834 3476 917 3535 libris
939 3478 1123 3551 plerumque,
1154 3475 1206 3535 sed
1228 3476 1351 3533 aliorum

228 3576 319 3636 refert
341 3578 509 3650 sententias,
532 3578 702 3635 etiamtum
725 3594 789 3635 cum
812 3594 879 3636 suus
902 3595 965 3636 esse
987 3579 1060 3636 vult.
1100 3576 1298 3652 Philosophia,
1320 3580 1352 3635 ut

228 3680 270 3737 ita
302 3678 408 3752 dicam,
440 3680 472 3737 in
504 3680 629 3738 animum
663 3680 725 3738 eins
759 3697 818 3738 non
851 3679 1002 3739 descendit
1035 3698 1129 3755 neque
1159 3681 1190 3738 in
1218 3683 1352 3738 naturam

229 3780 322 3855 ipsam
358 3782 535 3855 penetravit,
575 3782 692 3839 intimos
725 3782 873 3842 Ciceronis
910 3800 1011 3842 seusus
1048 3786 1077 3840 et
1109 3783 1261 3857 opiniones
1293 3799 1352 3840 non

231 3883 326 3957 tetigit
348 3900 444 3956 neque
466 3884 596 3941 mutavit.
625 3884 727 3942 Liceat
748 3884 779 3942 id
801 3901 859 3942 uno
883 3903 919 3944 ex
941 3885 1095 3961 perpaucis
1109 3886 1182 3943 locis
1197 3886 1352 3958 illustrare,

230 3984 308 4043 unde
337 3984 429 4060 ipsius
459 3987 556 4044 elucet
586 3986 692 4060 opinio.
736 3986 781 4044 De
803 3990 863 4044 nat.
879 3986 956 4046 deor.
971 3987 1014 4045 llI
1035 3987 1068 4063 ἐξ
1085 3987 1154 4060 5sq.
1177 3986 1274 4059 Cotta,
1304 3986 1353 4060 qui

230 4085 377 4145 Ciceronis
400 4087 475 4161 gerit
496 4104 659 4162 personam,
681 4088 755 4146 haec
777 4086 940 4163 profitetur:
961 4088 1028 4163 Epo
1047 4106 1114 4146 cero
1131 4105 1180 4146 eos
1196 4087 1353 4162 defendam

229 4204 342 4260 emmer
369 4205 537 4261 semperque
566 4190 686 4264 defendi
711 4191 761 4263 (sc.
785 4192 948 4263 opimorum,
979 4208 1053 4263 quos
1077 4209 1096 4248 a
1121 4191 1282 4248 maioribus
1305 4208 1352 4248 ac-

231 4290 358 4361 cepimus
389 4289 424 4347 de
453 4290 498 4348 dis
520 4291 747 4360 immortalibus,
777 4308 876 4365 sacra,
908 4293 1101 4351 coerimonias
1122 4292 1354 4366 relipiomesqme),

1187 4409 1199 4459 l
