3144 4980
293 331 333 405 34

376 518 588 593 Interrogatur,
619 535 669 577 cur
692 513 793 577 Cicero
819 512 896 576 hano
917 512 1030 592 partem
1053 511 1226 575 adiunxerit.
1269 510 1415 590 Equidem

289 620 332 678 ita
359 620 465 678 sentio:
496 624 593 678 orator
622 620 835 694 perorationem
865 618 1041 677 desideravit
1070 619 1235 691 verbosam3
1266 619 1417 695 aptissima

291 723 417 782 occurrit
437 722 467 780 in
482 723 640 799 Epicurum
655 722 836 796 invectivat)
860 739 946 795 qnam
961 722 1039 780 omni
1054 723 1168 780 ornavit
1183 725 1246 781 arte
1260 721 1416 781 rhetorica.

289 823 368 898 Ergo
390 827 457 900 post
471 824 487 901 ξ
500 823 548 899 48,
571 841 646 898 qnae
661 824 811 899 perierunt
826 841 928 899 pauca,
950 841 1009 881 non
1024 824 1080 881 iam
1097 841 1133 881 ex
1149 822 1229 882 fonte
1244 827 1329 882 erant
1344 827 1416 882 orta.

289 927 365 984 Num
395 926 593 1001 quaestionem
619 927 713 1001 ipsam
740 926 903 984 absolutam
929 942 993 984 esse
1014 925 1114 1000 primis
1137 925 1208 1001 §46
1232 925 1330 984 verbis
1352 926 1416 1001 ipse

290 1027 372 1086 dicit:
395 1028 450 1087 hoo
470 1029 556 1088 modo
579 1029 656 1086 hooc
678 1045 800 1086 cossura
823 1027 980 1102 disceptari
1001 1031 1120 1100 oportet.
1153 1028 1261 1086 Nescio
1284 1046 1324 1085 an
1345 1027 1415 1087 inde

289 1147 413 1205 quoque,
428 1130 507 1205 quod
522 1130 570 1189 hio
585 1129 798 1204 quodammodo
813 1129 924 1188 indicat
939 1147 971 1188 se
987 1129 1025 1187 ad
1040 1128 1126 1188 finem
1137 1128 1225 1188 sontis
1236 1131 1415 1204 pervenisse,

289 1238 489 1307 argumentum
515 1233 608 1308 possit
634 1233 719 1306 sumi,
747 1250 811 1290 cum
834 1232 864 1289 in
886 1231 957 1308 §39
981 1231 1121 1290 eiusmodi
1144 1231 1219 1290 nihil
1241 1232 1415 1306 inveniatur,

289 1334 457 1394 Ciceronem
479 1335 520 1393 ibi
543 1333 667 1393 eundem
689 1337 777 1409 atque
799 1336 886 1393 antea
908 1336 1037 1393 secutum
1060 1350 1123 1393 esse
1146 1337 1302 1393 auctorem.

375 1506 496 1566 Constat
516 1506 617 1581 igitur,
644 1508 783 1581 quantum
806 1503 923 1579 quidem
945 1504 1041 1563 adhuc
1063 1505 1259 1579 repperimus,
1282 1504 1414 1581 disputa-

288 1608 397 1667 tionem
430 1607 571 1666 Antiochi
607 1611 667 1666 tres
703 1606 839 1666 habuisse
876 1609 987 1682 partes:
1025 1622 1097 1680 quas
1129 1607 1283 1665 restituere
1316 1607 1416 1665 conati

288 1726 387 1768 sumus
409 1712 446 1784 et,
469 1713 608 1783 qnantum
627 1708 690 1767 fieri
705 1710 806 1784 potuit,
828 1708 1008 1768 aCieeronis
1023 1709 1305 1782 interpolationibus,
1327 1711 1360 1766 ut
1373 1709 1415 1767 ita

289 1811 397 1884 dicam,
426 1828 552 1886 purgare
582 1814 611 1869 et
638 1809 826 1885 ostendimus,
856 1827 931 1883 quae
958 1828 1016 1884 qua
1038 1811 1149 1869 ratione
1172 1812 1342 1869 mutavisset
1363 1813 1414 1868 arnt

289 1914 471 1988 corrupisset.
507 1911 566 1971 Sed
588 1910 716 1970 nondum
738 1913 827 1988 plane
850 1911 984 1971 confecta
1005 1929 1052 1971 res
1075 1917 1126 1984 est,
1148 1913 1285 1986 quoniam
1300 1913 1414 1970 initium

289 2013 715 2089 disputationisCiceronianae
738 2013 902 2072 mutilatum
918 2019 974 2072 est:
997 2013 1177 2087 interrogare
1192 2017 1315 2089 oportet,
1338 2031 1414 2088 qnae

290 2115 330 2174 de
351 2119 450 2191 parte
473 2116 600 2174 amissa
620 2117 733 2192 possint
755 2116 858 2175 conici.
888 2115 986 2189 Atque
1009 2133 1095 2173 unum
1119 2115 1236 2189 quidem
1257 2117 1413 2190 vestigium

289 2218 350 2276 eius
383 2217 461 2276 intra
488 2219 582 2293 ipsum
611 2217 745 2276 libellum
775 2220 903 2276 nostrum
932 2219 1066 2275 relictum
1097 2220 1152 2290 est,
1183 2218 1214 2274 in
1243 2217 1329 2294 §40‚
1362 2218 1415 2276 ubi

289 2318 404 2378 dicitur:
508 2320 660 2377 videamus
682 2320 715 2377 ia
737 2319 967 2388 assensionibus,
995 2335 1081 2391 quos
1102 2320 1222 2391 primo
1249 2321 1414 2379 creticae

291 2422 457 2489 trootooa',
490 2420 648 2494 eodemque
682 2419 796 2478 videtur
829 2422 974 2495 respicere
1007 2420 1092 2497 §42z
1217 2422 1295 2480 lsooe
1325 2422 1415 2481 babet

288 2523 441 2592 rationesve,
539 2539 640 2594 quoto
662 2522 789 2581 dodam
812 2523 970 2580 elicimus.
1010 2522 1219 2597 Inquirendum
1241 2527 1294 2596 est,
1316 2527 1413 2582 utrum

288 2623 437 2683 Ciceronis
459 2624 513 2681 illa
534 2641 603 2700 pars
625 2622 749 2682 ethaeo
772 2624 862 2682 verba
883 2624 1003 2699 propria
1025 2624 1081 2682 sint
1097 2642 1135 2681 an
1151 2642 1188 2682 sn
1202 2624 1283 2683 fonte
1299 2623 1413 2684 hausta.

287 2725 459 2800 Priusquam
480 2724 510 2783 id
534 2725 736 2798 diiudicemus‚
758 2726 818 2782 alia
839 2743 960 2785 necesse
982 2729 1025 2783 est
1048 2727 1187 2800 colligere
1209 2727 1343 2802 vestigia.

372 2825 541 2886 Traduntur
563 2829 640 2886 enim
663 2827 741 2902 apud
762 2828 937 2902 posteriores
959 2829 1115 2903 scriptores
1137 2830 1289 2904 complura
1304 2847 1341 2888 ex
1356 2831 1413 2888 illa

288 2929 441 3005 deperdita
468 2931 560 2989 nostri
588 2929 686 2989 libelli
711 2934 794 3004 parts
820 2929 995 3004 fragmenta,
1025 2931 1185 3005 composita
1205 2934 1273 3007 post
1295 2933 1371 2991 alios
1393 2951 1413 2991 a

288 3031 318 3091 C.
330 3033 363 3092 F.
375 3032 420 3091 W.
435 3032 587 3091 Muellero.
625 3031 753 3102 Quorum
775 3031 959 3090 manifestum
982 3035 1026 3091 est
1048 3032 1085 3091 ad
1107 3033 1207 3091 locum
1229 3052 1247 3091 a
1269 3034 1412 3095 Cicerone

287 3152 324 3194 ex
345 3135 502 3195 Posidonio
534 3140 711 3211 assumptum
741 3152 777 3193 ea
805 3136 964 3210 pertinere,
993 3152 1069 3208 quae
1094 3134 1171 3211 apud
1195 3136 1271 3210 Aug.
1294 3136 1331 3195 de
1353 3138 1412 3197 civ.

286 3238 342 3297 Dei
364 3239 423 3296 V2
454 3254 491 3296 ex
519 3238 595 3295 libro
626 3236 662 3295 de
689 3236 749 3295 isto
772 3237 909 3295 citantur:
940 3237 996 3310 eis,
1025 3253 1200 3310 quamquam
1222 3238 1292 3296 satis
1315 3257 1413 3314 pauca

285 3343 360 3412 sunt,
382 3341 556 3415 supplentur
578 3342 607 3397 et
630 3338 815 3397 declarantur
836 3338 901 3414 §55
917 3342 947 3396 et
962 3340 989 3396 ii.
1033 3339 1140 3397 Versus
1163 3357 1280 3414 quoque
1302 3340 1411 3400 ibidem

286 3442 346 3499 V8
369 3458 406 3499 ex
428 3440 568 3500 Cicerone
590 3441 720 3515 repetiti,
748 3441 816 3514 qnia
839 3441 999 3498 clarissime
1021 3441 1163 3499 rationem
1185 3442 1296 3516 primae
1318 3443 1411 3517 partis

284 3559 357 3617 prae
378 3557 411 3600 se
428 3540 534 3613 ferunt,
557 3557 631 3614 quae
647 3544 691 3599 est
707 3540 742 3598 de
758 3541 932 3615 contagione
948 3558 1052 3614 rerum,
1074 3540 1111 3600 de
1127 3542 1411 3602 dissimilitudinibus

284 3645 411 3720 ipsarum
432 3644 574 3701 lateritium
596 3642 746 3700 teosniuum
768 3661 805 3700 ex
827 3645 922 3701 causis
945 3644 1125 3702 naturalibus
1147 3642 1332 3722 facta1·um,²)
1352 3644 1411 3705 huc

283 3745 387 3804 referri
401 3749 534 3821 possunt:
550 3744 602 3804 sed
614 3744 644 3802 id
655 3762 715 3803 non
725 3744 797 3802 licet
808 3742 975 3817 decernere,
986 3762 1055 3803 num
1067 3763 1104 3803 ex
1115 3745 1196 3805 fonte
1207 3748 1266 3806 sint
1275 3746 1412 3824 hausti,³)

370 3966 392 4033 ¹)
410 3963 442 4017 In
460 3978 542 4033 quem
559 3962 611 4016 ism
628 3962 704 4030 prins
722 3960 757 4015 de
774 3965 829 4015 nat.
842 3959 943 4016 deor.I
961 3961 994 4031 ἐξ
1007 3967 1039 4015 67
1048 3978 1109 4031 sqq.
1127 3963 1253 4018 invectus
1271 3970 1338 4019 crat

369 4051 390 4117 ¹)
414 4049 539 4117 Inprimis
564 4064 598 4102 ex
621 4046 744 4101 locorum
761 4051 856 4100 natura
874 4050 902 4100 et
920 4047 1013 4101 caelo
1031 4047 1077 4117 (ἐξ
1090 4055 1104 4101 'l
1114 4049 1168 4118 sq.)
1187 4073 1218 4094 =
1237 4050 1340 4118 quoti

283 4134 476 4205 Iuppiter
496 4132 661 4188 lustravit
684 4131 807 4186 tatrrrtnc
830 4135 949 4185 terras.

368 4223 391 4287 ⁸)
417 4219 600 4290 Chrysippum
626 4233 723 4272 versus
749 4217 787 4271 ita
812 4215 972 4271 adhibuisse
997 4222 1118 4286 constst3
1147 4219 1235 4274 videri
1256 4224 1352 4290 potest
1374 4237 1410 4278 ex

283 4305 353 4360 locis
371 4320 387 4360 a
404 4304 525 4360 Corchio
544 4303 727 4374 (Chrysippea
744 4319 771 4372 p.
784 4306 833 4357 714
845 4303 918 4373 sqq.)
937 4301 1067 4359 collectis.
