<?xml version="1.0" encoding="UTF-8"?>
<!DOCTYPE html PUBLIC "-//W3C//DTD XHTML 1.0 Transitional//EN"
    "http://www.w3.org/TR/xhtml1/DTD/xhtml1-transitional.dtd">
<html xmlns="http://www.w3.org/1999/xhtml" xml:lang="en" lang="en">
 <head>
  <title>
</title>
<meta http-equiv="Content-Type" content="text/html;charset=utf-8" />
  <meta name='ocr-system' content='tesseract 3.04.00' />
  <meta name='ocr-capabilities' content='ocr_page ocr_carea ocr_par ocr_line ocrx_word'/>
</head>
<body>
  <div class='ocr_page' id='page_1' title='image "./decompositionee00loergoog_0038.png"; bbox 0 0 3120 4972; ppageno 0'>
   <div class='ocr_carea' id='block_1_1' title="bbox 218 538 258 595">
    <p class='ocr_par' dir='ltr' id='par_1_1' title="bbox 218 538 258 595">
     <span class='ocr_line' id='line_1_1' title="bbox 218 538 258 595; baseline 0 0"><span class='ocrx_word' id='word_1_1' title='bbox 218 538 258 595; x_wconf 75' lang='lat'>32</span> 
     </span>
    </p>
   </div>
   <div class='ocr_carea' id='block_1_2' title="bbox 138 710 1342 4263">
    <p class='ocr_par' dir='ltr' id='par_1_2' title="bbox 138 710 1342 4263">
     <span class='ocr_line' id='line_1_2' title="bbox 214 710 1339 785; baseline 0.004 -17"><span class='ocrx_word' id='word_1_2' title='bbox 214 711 393 784; x_wconf 76' lang='lat' dir='ltr'><em>improbaret</em></span> <span class='ocrx_word' id='word_1_3' title='bbox 413 715 442 770; x_wconf 88' lang='lat' dir='ltr'>et</span> <span class='ocrx_word' id='word_1_4' title='bbox 461 710 539 769; x_wconf 82' lang='lat' dir='ltr'>rrihil</span> <span class='ocrx_word' id='word_1_5' title='bbox 555 710 644 770; x_wconf 90' lang='lat' dir='ltr'>oellet</span> <span class='ocrx_word' id='word_1_6' title='bbox 657 712 720 770; x_wconf 87' lang='lat' dir='ltr'>sire</span> <span class='ocrx_word' id='word_1_7' title='bbox 727 711 909 785; x_wconf 81' lang='lat' dir='ltr'>praepositis</span> <span class='ocrx_word' id='word_1_8' title='bbox 925 711 1022 770; x_wconf 84' lang='lat' dir='ltr'>corsis</span> <span class='ocrx_word' id='word_1_9' title='bbox 1039 712 1157 782; x_wconf 84' lang='lat' dir='ltr'>coerire,</span> <span class='ocrx_word' id='word_1_10' title='bbox 1181 729 1339 772; x_wconf 76' lang='lat' dir='ltr'>corsorum</span> 
     </span>
     <span class='ocr_line' id='line_1_3' title="bbox 138 793 1339 889; baseline 0.002 -18"><span class='ocrx_word' id='word_1_11' title='bbox 138 793 142 800; x_wconf 38' lang='lat'>¹</span> <span class='ocrx_word' id='word_1_12' title='bbox 215 830 324 887; x_wconf 78' lang='lat' dir='ltr'>periero</span> <span class='ocrx_word' id='word_1_13' title='bbox 354 813 520 888; x_wconf 69' lang='lat' dir='ltr'>distiterit,</span> <span class='ocrx_word' id='word_1_14' title='bbox 548 818 584 872; x_wconf 84' lang='lat' dir='ltr'>ot</span> <span class='ocrx_word' id='word_1_15' title='bbox 610 818 638 872; x_wconf 88' lang='lat' dir='ltr'>et</span> <span class='ocrx_word' id='word_1_16' title='bbox 661 817 864 873; x_wconf 77' lang='lat' dir='ltr'>necessitatem</span> <span class='ocrx_word' id='word_1_17' title='bbox 892 815 1016 888; x_wconf 76' lang='lat' dir='ltr'>effopiot</span> <span class='ocrx_word' id='word_1_18' title='bbox 1038 818 1066 872; x_wconf 90' lang='lat' dir='ltr'>et</span> <span class='ocrx_word' id='word_1_19' title='bbox 1085 817 1213 873; x_wconf 85' lang='lat' dir='ltr'>retioeot</span> <span class='ocrx_word' id='word_1_20' title='bbox 1232 817 1339 889; x_wconf 79' lang='lat' dir='ltr'>sotera.</span> 
     </span>
     <span class='ocr_line' id='line_1_4' title="bbox 215 915 1340 992; baseline 0.002 -18"><span class='ocrx_word' id='word_1_21' title='bbox 215 917 353 974; x_wconf 83' lang='lat' dir='ltr'>Miramur</span> <span class='ocrx_word' id='word_1_22' title='bbox 383 916 489 991; x_wconf 84' lang='lat' dir='ltr'>primo,</span> <span class='ocrx_word' id='word_1_23' title='bbox 518 915 597 991; x_wconf 89' lang='lat' dir='ltr'>quod</span> <span class='ocrx_word' id='word_1_24' title='bbox 626 917 680 974; x_wconf 86' lang='lat' dir='ltr'>illa</span> <span class='ocrx_word' id='word_1_25' title='bbox 709 917 856 976; x_wconf 79' lang='lat' dir='ltr'>conclusio</span> <span class='ocrx_word' id='word_1_26' title='bbox 886 934 946 975; x_wconf 91' lang='lat' dir='ltr'>non</span> <span class='ocrx_word' id='word_1_27' title='bbox 976 917 1079 975; x_wconf 86' lang='lat' dir='ltr'>eadem</span> <span class='ocrx_word' id='word_1_28' title='bbox 1107 919 1221 976; x_wconf 89' lang='lat' dir='ltr'>ratione</span> <span class='ocrx_word' id='word_1_29' title='bbox 1253 922 1340 992; x_wconf 86' lang='lat' dir='ltr'>atque</span> 
     </span>
     <span class='ocr_line' id='line_1_5' title="bbox 215 1018 1340 1095; baseline 0.002 -20"><span class='ocrx_word' id='word_1_30' title='bbox 215 1018 245 1075; x_wconf 93' lang='lat' dir='ltr'>in</span> <span class='ocrx_word' id='word_1_31' title='bbox 275 1018 346 1094; x_wconf 77' lang='lat'>§32</span> <span class='ocrx_word' id='word_1_32' title='bbox 370 1019 412 1093; x_wconf 90' lang='lat' dir='ltr'>(et</span> <span class='ocrx_word' id='word_1_33' title='bbox 434 1019 518 1092; x_wconf 62' lang='lat'>323)</span> <span class='ocrx_word' id='word_1_34' title='bbox 548 1019 744 1078; x_wconf 81' lang='lat' dir='ltr'>collaudatur:</span> <span class='ocrx_word' id='word_1_35' title='bbox 775 1019 827 1077; x_wconf 91' lang='lat' dir='ltr'>sed</span> <span class='ocrx_word' id='word_1_36' title='bbox 856 1018 924 1078; x_wconf 93' lang='lat' dir='ltr'>huic</span> <span class='ocrx_word' id='word_1_37' title='bbox 945 1019 1023 1095; x_wconf 88' lang='lat' dir='ltr'>parti</span> <span class='ocrx_word' id='word_1_38' title='bbox 1045 1018 1127 1077; x_wconf 88' lang='lat' dir='ltr'>aliud</span> <span class='ocrx_word' id='word_1_39' title='bbox 1149 1019 1248 1078; x_wconf 88' lang='lat' dir='ltr'>subest</span> <span class='ocrx_word' id='word_1_40' title='bbox 1271 1038 1340 1078; x_wconf 90' lang='lat' dir='ltr'>con-</span> 
     </span>
     <span class='ocr_line' id='line_1_6' title="bbox 216 1120 1339 1197; baseline 0 -19"><span class='ocrx_word' id='word_1_41' title='bbox 216 1120 324 1191; x_wconf 89' lang='lat' dir='ltr'>silium;</span> <span class='ocrx_word' id='word_1_42' title='bbox 355 1139 391 1179; x_wconf 88' lang='lat' dir='ltr'>ea</span> <span class='ocrx_word' id='word_1_43' title='bbox 419 1120 508 1195; x_wconf 83' lang='lat' dir='ltr'>igitur</span> <span class='ocrx_word' id='word_1_44' title='bbox 537 1139 633 1195; x_wconf 91' lang='lat' dir='ltr'>neque</span> <span class='ocrx_word' id='word_1_45' title='bbox 662 1121 786 1196; x_wconf 89' lang='lat' dir='ltr'>probata</span> <span class='ocrx_word' id='word_1_46' title='bbox 807 1139 902 1196; x_wconf 90' lang='lat' dir='ltr'>neque</span> <span class='ocrx_word' id='word_1_47' title='bbox 924 1122 1088 1197; x_wconf 86' lang='lat' dir='ltr'>improbata</span> <span class='ocrx_word' id='word_1_48' title='bbox 1110 1120 1266 1197; x_wconf 79' lang='lat' dir='ltr'>Chrysippi</span> <span class='ocrx_word' id='word_1_49' title='bbox 1289 1140 1339 1196; x_wconf 87' lang='lat' dir='ltr'>sp·</span> 
     </span>
     <span class='ocr_line' id='line_1_7' title="bbox 195 1222 1339 1300; baseline -0.001 -20"><span class='ocrx_word' id='word_1_50' title='bbox 195 1223 332 1298; x_wconf 74' lang='lat' dir='ltr'>&#39;ponitur</span> <span class='ocrx_word' id='word_1_51' title='bbox 354 1223 508 1295; x_wconf 90' lang='lat' dir='ltr'>sententia,</span> <span class='ocrx_word' id='word_1_52' title='bbox 530 1240 568 1281; x_wconf 90' lang='lat' dir='ltr'>ne</span> <span class='ocrx_word' id='word_1_53' title='bbox 590 1241 626 1281; x_wconf 90' lang='lat' dir='ltr'>ea</span> <span class='ocrx_word' id='word_1_54' title='bbox 648 1223 765 1298; x_wconf 92' lang='lat' dir='ltr'>quidem</span> <span class='ocrx_word' id='word_1_55' title='bbox 780 1224 896 1282; x_wconf 91' lang='lat' dir='ltr'>inimice</span> <span class='ocrx_word' id='word_1_56' title='bbox 912 1224 1078 1300; x_wconf 86' lang='lat' dir='ltr'>opponitur,</span> <span class='ocrx_word' id='word_1_57' title='bbox 1101 1222 1240 1298; x_wconf 78' lang='lat' dir='ltr'>deinceps</span> <span class='ocrx_word' id='word_1_58' title='bbox 1254 1222 1339 1281; x_wconf 89' lang='lat' dir='ltr'>huius</span> 
     </span>
     <span class='ocr_line' id='line_1_8' title="bbox 215 1323 1339 1397; baseline -0.003 -13"><span class='ocrx_word' id='word_1_59' title='bbox 215 1325 366 1384; x_wconf 86' lang='lat' dir='ltr'>conclusio</span> <span class='ocrx_word' id='word_1_60' title='bbox 388 1325 514 1383; x_wconf 83' lang='lat' dir='ltr'>maxima</span> <span class='ocrx_word' id='word_1_61' title='bbox 537 1342 601 1383; x_wconf 94' lang='lat' dir='ltr'>cnm</span> <span class='ocrx_word' id='word_1_62' title='bbox 624 1326 833 1384; x_wconf 83' lang='lat' dir='ltr'>benovolentia</span> <span class='ocrx_word' id='word_1_63' title='bbox 856 1325 1006 1384; x_wconf 80' lang='lat' dir='ltr'>disseritur</span> <span class='ocrx_word' id='word_1_64' title='bbox 1026 1329 1076 1384; x_wconf 90' lang='lat' dir='ltr'>aut</span> <span class='ocrx_word' id='word_1_65' title='bbox 1091 1323 1264 1397; x_wconf 85' lang='lat' dir='ltr'>defenditur,</span> <span class='ocrx_word' id='word_1_66' title='bbox 1288 1323 1339 1383; x_wconf 91' lang='lat' dir='ltr'>sed</span> 
     </span>
     <span class='ocr_line' id='line_1_9' title="bbox 215 1426 1339 1502; baseline 0 -18"><span class='ocrx_word' id='word_1_67' title='bbox 215 1428 268 1502; x_wconf 85' lang='lat' dir='ltr'>ita,</span> <span class='ocrx_word' id='word_1_68' title='bbox 298 1431 330 1486; x_wconf 90' lang='lat' dir='ltr'>ut</span> <span class='ocrx_word' id='word_1_69' title='bbox 358 1429 446 1486; x_wconf 89' lang='lat' dir='ltr'>simul</span> <span class='ocrx_word' id='word_1_70' title='bbox 475 1429 544 1486; x_wconf 87' lang='lat' dir='ltr'>satis</span> <span class='ocrx_word' id='word_1_71' title='bbox 574 1428 694 1486; x_wconf 90' lang='lat' dir='ltr'>multum</span> <span class='ocrx_word' id='word_1_72' title='bbox 723 1429 782 1500; x_wconf 88' lang='lat' dir='ltr'>illi,</span> <span class='ocrx_word' id='word_1_73' title='bbox 812 1445 869 1502; x_wconf 84' lang='lat' dir='ltr'>qua</span> <span class='ocrx_word' id='word_1_74' title='bbox 898 1426 988 1486; x_wconf 85' lang='lat' dir='ltr'>fatum</span> <span class='ocrx_word' id='word_1_75' title='bbox 1019 1445 1083 1486; x_wconf 90' lang='lat' dir='ltr'>esse</span> <span class='ocrx_word' id='word_1_76' title='bbox 1106 1430 1241 1502; x_wconf 83' lang='lat' dir='ltr'>negatur,</span> <span class='ocrx_word' id='word_1_77' title='bbox 1271 1444 1339 1485; x_wconf 90' lang='lat' dir='ltr'>con·</span> 
     </span>
     <span class='ocr_line' id='line_1_10' title="bbox 216 1529 1338 1605; baseline -0.002 -17"><span class='ocrx_word' id='word_1_78' title='bbox 216 1529 349 1588; x_wconf 85' lang='lat' dir='ltr'>cedatur:</span> <span class='ocrx_word' id='word_1_79' title='bbox 379 1529 451 1605; x_wconf 75' lang='lat'>§42</span> <span class='ocrx_word' id='word_1_80' title='bbox 477 1530 572 1604; x_wconf 74' lang='lat' dir='ltr'>Quart</span> <span class='ocrx_word' id='word_1_81' title='bbox 595 1530 629 1588; x_wconf 85' lang='lat' dir='ltr'>ob</span> <span class='ocrx_word' id='word_1_82' title='bbox 651 1547 723 1599; x_wconf 83' lang='lat' dir='ltr'>rere,</span> <span class='ocrx_word' id='word_1_83' title='bbox 754 1531 805 1602; x_wconf 77' lang='lat' dir='ltr'>qui</span> <span class='ocrx_word' id='word_1_84' title='bbox 825 1531 870 1588; x_wconf 87' lang='lat' dir='ltr'>ito</span> <span class='ocrx_word' id='word_1_85' title='bbox 891 1531 990 1603; x_wconf 79' lang='lat' dir='ltr'>fotura</span> <span class='ocrx_word' id='word_1_86' title='bbox 1011 1531 1213 1599; x_wconf 81' lang='lat' dir='ltr'>irrtrooloermt,</span> <span class='ocrx_word' id='word_1_87' title='bbox 1234 1533 1270 1588; x_wconf 82' lang='lat' dir='ltr'>ret</span> <span class='ocrx_word' id='word_1_88' title='bbox 1289 1546 1338 1587; x_wconf 88' lang='lat' dir='ltr'>rre-</span> 
     </span>
     <span class='ocr_line' id='line_1_11' title="bbox 217 1632 1340 1706; baseline -0.001 -17"><span class='ocrx_word' id='word_1_89' title='bbox 217 1632 381 1690; x_wconf 83' lang='lat' dir='ltr'>cessitatem</span> <span class='ocrx_word' id='word_1_90' title='bbox 411 1632 590 1706; x_wconf 73' lang='lat' dir='ltr'>odioaooret,</span> <span class='ocrx_word' id='word_1_91' title='bbox 621 1633 654 1690; x_wconf 84' lang='lat' dir='ltr'>ire</span> <span class='ocrx_word' id='word_1_92' title='bbox 684 1649 732 1690; x_wconf 91' lang='lat' dir='ltr'>eos</span> <span class='ocrx_word' id='word_1_93' title='bbox 760 1632 871 1690; x_wconf 87' lang='lat' dir='ltr'>rolebit</span> <span class='ocrx_word' id='word_1_94' title='bbox 898 1633 955 1691; x_wconf 88' lang='lat' dir='ltr'>illo</span> <span class='ocrx_word' id='word_1_95' title='bbox 977 1633 1138 1702; x_wconf 84' lang='lat' dir='ltr'>eorrclosio;</span> <span class='ocrx_word' id='word_1_96' title='bbox 1170 1633 1220 1704; x_wconf 77' lang='lat' dir='ltr'>orei</span> <span class='ocrx_word' id='word_1_97' title='bbox 1242 1635 1340 1690; x_wconf 84' lang='lat' dir='ltr'>autera</span> 
     </span>
     <span class='ocr_line' id='line_1_12' title="bbox 217 1734 1341 1808; baseline -0.002 -16"><span class='ocrx_word' id='word_1_98' title='bbox 217 1750 324 1793; x_wconf 81' lang='lat' dir='ltr'>corsos</span> <span class='ocrx_word' id='word_1_99' title='bbox 355 1735 555 1793; x_wconf 85' lang='lat' dir='ltr'>oreteoederrtes</span> <span class='ocrx_word' id='word_1_100' title='bbox 584 1750 645 1792; x_wconf 83' lang='lat' dir='ltr'>ooo</span> <span class='ocrx_word' id='word_1_101' title='bbox 676 1734 772 1792; x_wconf 83' lang='lat' dir='ltr'>diceret</span> <span class='ocrx_word' id='word_1_102' title='bbox 793 1735 945 1807; x_wconf 83' lang='lat' dir='ltr'>perfectos</span> <span class='ocrx_word' id='word_1_103' title='bbox 975 1751 1068 1808; x_wconf 72' lang='lat' dir='ltr'>oenoe</span> <span class='ocrx_word' id='word_1_104' title='bbox 1082 1735 1278 1808; x_wconf 74' lang='lat' dir='ltr'>principales,</span> <span class='ocrx_word' id='word_1_105' title='bbox 1308 1735 1341 1790; x_wconf 86' lang='lat' dir='ltr'>ire</span> 
     </span>
     <span class='ocr_line' id='line_1_13' title="bbox 218 1833 1340 1911; baseline -0.003 -18"><span class='ocrx_word' id='word_1_106' title='bbox 218 1853 265 1894; x_wconf 90' lang='lat' dir='ltr'>eos</span> <span class='ocrx_word' id='word_1_107' title='bbox 287 1835 364 1893; x_wconf 81' lang='lat' dir='ltr'>rrilril</span> <span class='ocrx_word' id='word_1_108' title='bbox 384 1836 501 1894; x_wconf 82' lang='lat' dir='ltr'>ooieoir.</span> <span class='ocrx_word' id='word_1_109' title='bbox 544 1836 620 1893; x_wconf 81' lang='lat' dir='ltr'>Tum</span> <span class='ocrx_word' id='word_1_110' title='bbox 642 1836 738 1894; x_wconf 88' lang='lat' dir='ltr'>relata</span> <span class='ocrx_word' id='word_1_111' title='bbox 761 1837 1012 1911; x_wconf 84' lang='lat' dir='ltr'>argumentatione</span> <span class='ocrx_word' id='word_1_112' title='bbox 1036 1835 1193 1911; x_wconf 82' lang='lat' dir='ltr'>Chrysippi</span> <span class='ocrx_word' id='word_1_113' title='bbox 1214 1835 1244 1892; x_wconf 92' lang='lat' dir='ltr'>in</span> <span class='ocrx_word' id='word_1_114' title='bbox 1267 1833 1340 1910; x_wconf 79' lang='lat'>§44</span> 
     </span>
     <span class='ocr_line' id='line_1_14' title="bbox 217 1938 1340 2012; baseline -0.003 -16"><span class='ocrx_word' id='word_1_115' title='bbox 217 1938 379 1996; x_wconf 87' lang='lat' dir='ltr'>ostenditur</span> <span class='ocrx_word' id='word_1_116' title='bbox 399 1938 529 2012; x_wconf 83' lang='lat' dir='ltr'>exceptis</span> <span class='ocrx_word' id='word_1_117' title='bbox 545 1938 594 2010; x_wconf 88' lang='lat' dir='ltr'>eis,</span> <span class='ocrx_word' id='word_1_118' title='bbox 618 1938 667 2012; x_wconf 93' lang='lat' dir='ltr'>qui</span> <span class='ocrx_word' id='word_1_119' title='bbox 682 1941 791 2012; x_wconf 84' lang='lat' dir='ltr'>negent</span> <span class='ocrx_word' id='word_1_120' title='bbox 806 1941 990 1997; x_wconf 84' lang='lat' dir='ltr'>osseosiorres</span> <span class='ocrx_word' id='word_1_121' title='bbox 1006 1940 1118 1996; x_wconf 84' lang='lat' dir='ltr'>oreteire</span> <span class='ocrx_word' id='word_1_122' title='bbox 1131 1939 1205 2009; x_wconf 87' lang='lat' dir='ltr'>riso,</span> <span class='ocrx_word' id='word_1_123' title='bbox 1228 1941 1340 1996; x_wconf 88' lang='lat' dir='ltr'>ceteros</span> 
     </span>
     <span class='ocr_line' id='line_1_15' title="bbox 216 2038 1340 2112; baseline -0.002 -14"><span class='ocrx_word' id='word_1_124' title='bbox 216 2059 252 2099; x_wconf 90' lang='lat' dir='ltr'>re</span> <span class='ocrx_word' id='word_1_125' title='bbox 275 2041 489 2112; x_wconf 87' lang='lat' dir='ltr'>consentire,</span> <span class='ocrx_word' id='word_1_126' title='bbox 513 2040 651 2098; x_wconf 86' lang='lat' dir='ltr'>etiamsi</span> <span class='ocrx_word' id='word_1_127' title='bbox 673 2038 738 2097; x_wconf 88' lang='lat' dir='ltr'>fati</span> <span class='ocrx_word' id='word_1_128' title='bbox 760 2041 898 2099; x_wconf 90' lang='lat' dir='ltr'>nomine</span> <span class='ocrx_word' id='word_1_129' title='bbox 922 2039 1105 2098; x_wconf 84' lang='lat' dir='ltr'>differant:</span> <span class='ocrx_word' id='word_1_130' title='bbox 1121 2058 1188 2097; x_wconf 87' lang='lat' dir='ltr'>nam</span> <span class='ocrx_word' id='word_1_131' title='bbox 1203 2042 1340 2112; x_wconf 89' lang='lat' dir='ltr'>utrosque</span> 
     </span>
     <span class='ocr_line' id='line_1_16' title="bbox 216 2140 1340 2216; baseline -0.004 -14"><span class='ocrx_word' id='word_1_132' title='bbox 216 2142 378 2202; x_wconf 88' lang='lat' dir='ltr'>concedere</span> <span class='ocrx_word' id='word_1_133' title='bbox 399 2159 460 2205; x_wconf 84' lang='lat' dir='ltr'>reorr</span> <span class='ocrx_word' id='word_1_134' title='bbox 481 2142 546 2214; x_wconf 71' lang='lat' dir='ltr'>fieri</span> <span class='ocrx_word' id='word_1_135' title='bbox 567 2143 751 2201; x_wconf 85' lang='lat' dir='ltr'>osseosiooes</span> <span class='ocrx_word' id='word_1_136' title='bbox 770 2144 833 2201; x_wconf 80' lang='lat' dir='ltr'>sirie</span> <span class='ocrx_word' id='word_1_137' title='bbox 841 2143 1051 2216; x_wconf 75' lang='lat' dir='ltr'>praecursione</span> <span class='ocrx_word' id='word_1_138' title='bbox 1065 2143 1207 2211; x_wconf 60' lang='lat' dir='ltr'>risorem</span> <span class='ocrx_word' id='word_1_139' title='bbox 1229 2140 1340 2214; x_wconf 77' lang='lat' dir='ltr'>Chry-</span> 
     </span>
     <span class='ocr_line' id='line_1_17' title="bbox 216 2244 1340 2320; baseline -0.002 -18"><span class='ocrx_word' id='word_1_140' title='bbox 216 2244 351 2320; x_wconf 90' lang='lat' dir='ltr'>sippum</span> <span class='ocrx_word' id='word_1_141' title='bbox 374 2244 483 2303; x_wconf 84' lang='lat' dir='ltr'>dixisse</span> <span class='ocrx_word' id='word_1_142' title='bbox 506 2245 687 2303; x_wconf 83' lang='lat' dir='ltr'>osseosioois</span> <span class='ocrx_word' id='word_1_143' title='bbox 702 2245 871 2317; x_wconf 78' lang='lat' dir='ltr'>proximare</span> <span class='ocrx_word' id='word_1_144' title='bbox 890 2249 918 2303; x_wconf 91' lang='lat' dir='ltr'>et</span> <span class='ocrx_word' id='word_1_145' title='bbox 933 2246 1127 2303; x_wconf 83' lang='lat' dir='ltr'>eortioeotem</span> <span class='ocrx_word' id='word_1_146' title='bbox 1143 2261 1264 2302; x_wconf 85' lang='lat' dir='ltr'>cousorr</span> <span class='ocrx_word' id='word_1_147' title='bbox 1280 2259 1340 2301; x_wconf 88' lang='lat' dir='ltr'>esse</span> 
     </span>
     <span class='ocr_line' id='line_1_18' title="bbox 216 2345 1340 2421; baseline -0.002 -17"><span class='ocrx_word' id='word_1_148' title='bbox 216 2349 248 2405; x_wconf 85' lang='lat' dir='ltr'>iro</span> <span class='ocrx_word' id='word_1_149' title='bbox 279 2348 342 2406; x_wconf 89' lang='lat' dir='ltr'>riso</span> <span class='ocrx_word' id='word_1_150' title='bbox 372 2348 518 2421; x_wconf 85' lang='lat' dir='ltr'>positam,</span> <span class='ocrx_word' id='word_1_151' title='bbox 555 2364 614 2405; x_wconf 94' lang='lat' dir='ltr'>non</span> <span class='ocrx_word' id='word_1_152' title='bbox 648 2346 757 2405; x_wconf 84' lang='lat' dir='ltr'>dixisse</span> <span class='ocrx_word' id='word_1_153' title='bbox 791 2364 855 2405; x_wconf 82' lang='lat' dir='ltr'>eoru</span> <span class='ocrx_word' id='word_1_154' title='bbox 889 2365 1010 2408; x_wconf 81' lang='lat' dir='ltr'>eorsum</span> <span class='ocrx_word' id='word_1_155' title='bbox 1043 2349 1085 2407; x_wconf 84' lang='lat' dir='ltr'>od</span> <span class='ocrx_word' id='word_1_156' title='bbox 1117 2345 1340 2406; x_wconf 85' lang='lat' dir='ltr'>oolserrtierrolrrrrr</span> 
     </span>
     <span class='ocr_line' id='line_1_19' title="bbox 215 2448 1341 2525; baseline -0.002 -17"><span class='ocrx_word' id='word_1_157' title='bbox 215 2451 413 2509; x_wconf 80' lang='lat' dir='ltr'>accessorium</span> <span class='ocrx_word' id='word_1_158' title='bbox 435 2466 504 2518; x_wconf 87' lang='lat' dir='ltr'>esse,</span> <span class='ocrx_word' id='word_1_159' title='bbox 527 2467 596 2524; x_wconf 86' lang='lat' dir='ltr'>ergo</span> <span class='ocrx_word' id='word_1_160' title='bbox 619 2450 643 2507; x_wconf 90' lang='lat' dir='ltr'>si</span> <span class='ocrx_word' id='word_1_161' title='bbox 666 2448 745 2508; x_wconf 85' lang='lat' dir='ltr'>dicat</span> <span class='ocrx_word' id='word_1_162' title='bbox 767 2451 867 2508; x_wconf 81' lang='lat' dir='ltr'>orerio</span> <span class='ocrx_word' id='word_1_163' title='bbox 887 2452 954 2525; x_wconf 82' lang='lat' dir='ltr'>foto</span> <span class='ocrx_word' id='word_1_164' title='bbox 976 2451 1047 2523; x_wconf 72' lang='lat' dir='ltr'>iteri,</span> <span class='ocrx_word' id='word_1_165' title='bbox 1070 2468 1129 2508; x_wconf 92' lang='lat' dir='ltr'>non</span> <span class='ocrx_word' id='word_1_166' title='bbox 1149 2449 1246 2508; x_wconf 87' lang='lat' dir='ltr'>dicere</span> <span class='ocrx_word' id='word_1_167' title='bbox 1261 2449 1341 2506; x_wconf 85' lang='lat' dir='ltr'>velle</span> 
     </span>
     <span class='ocr_line' id='line_1_20' title="bbox 218 2550 1342 2626; baseline -0.002 -17"><span class='ocrx_word' id='word_1_168' title='bbox 218 2554 317 2610; x_wconf 82' lang='lat' dir='ltr'>orario</span> <span class='ocrx_word' id='word_1_169' title='bbox 339 2553 437 2609; x_wconf 81' lang='lat' dir='ltr'>corsis</span> <span class='ocrx_word' id='word_1_170' title='bbox 458 2552 631 2610; x_wconf 79' lang='lat' dir='ltr'>accessoriis</span> <span class='ocrx_word' id='word_1_171' title='bbox 653 2552 728 2624; x_wconf 62' lang='lat' dir='ltr'>iteri</span> <span class='ocrx_word' id='word_1_172' title='bbox 751 2553 828 2611; x_wconf 91' lang='lat' dir='ltr'>illis</span> <span class='ocrx_word' id='word_1_173' title='bbox 851 2553 988 2626; x_wconf 85' lang='lat' dir='ltr'>quoniam</span> <span class='ocrx_word' id='word_1_174' title='bbox 1009 2551 1173 2611; x_wconf 87' lang='lat' dir='ltr'>concedant</span> <span class='ocrx_word' id='word_1_175' title='bbox 1187 2551 1264 2609; x_wconf 82' lang='lat' dir='ltr'>aiiii</span> <span class='ocrx_word' id='word_1_176' title='bbox 1277 2550 1342 2622; x_wconf 71' lang='lat' dir='ltr'>fieri</span> 
     </span>
     <span class='ocr_line' id='line_1_21' title="bbox 217 2652 1340 2728; baseline -0.001 -17"><span class='ocrx_word' id='word_1_177' title='bbox 217 2655 280 2712; x_wconf 86' lang='lat' dir='ltr'>siree</span> <span class='ocrx_word' id='word_1_178' title='bbox 295 2654 520 2726; x_wconf 74' lang='lat' dir='ltr'>proepressiorre</span> <span class='ocrx_word' id='word_1_179' title='bbox 543 2669 657 2723; x_wconf 88' lang='lat' dir='ltr'>ooosoe,</span> <span class='ocrx_word' id='word_1_180' title='bbox 680 2654 705 2711; x_wconf 89' lang='lat' dir='ltr'>si</span> <span class='ocrx_word' id='word_1_181' title='bbox 727 2652 783 2712; x_wconf 94' lang='lat' dir='ltr'>hoc</span> <span class='ocrx_word' id='word_1_182' title='bbox 805 2652 882 2712; x_wconf 91' lang='lat' dir='ltr'>idem</span> <span class='ocrx_word' id='word_1_183' title='bbox 905 2655 941 2713; x_wconf 90' lang='lat' dir='ltr'>sit</span> <span class='ocrx_word' id='word_1_184' title='bbox 963 2657 1050 2728; x_wconf 85' lang='lat' dir='ltr'>atque</span> <span class='ocrx_word' id='word_1_185' title='bbox 1074 2656 1173 2713; x_wconf 86' lang='lat' dir='ltr'>orrrrio</span> <span class='ocrx_word' id='word_1_186' title='bbox 1187 2654 1254 2727; x_wconf 81' lang='lat' dir='ltr'>foto</span> <span class='ocrx_word' id='word_1_187' title='bbox 1268 2653 1340 2725; x_wconf 68' lang='lat' dir='ltr'>fieri,</span> 
     </span>
     <span class='ocr_line' id='line_1_22' title="bbox 218 2752 1341 2815; baseline -0.001 -3"><span class='ocrx_word' id='word_1_188' title='bbox 218 2752 412 2813; x_wconf 88' lang='lat' dir='ltr'>confitendum</span> <span class='ocrx_word' id='word_1_189' title='bbox 442 2771 506 2813; x_wconf 92' lang='lat' dir='ltr'>esse</span> <span class='ocrx_word' id='word_1_190' title='bbox 535 2753 595 2812; x_wconf 89' lang='lat' dir='ltr'>fato</span> <span class='ocrx_word' id='word_1_191' title='bbox 626 2754 722 2812; x_wconf 86' lang='lat' dir='ltr'>omnia</span> <span class='ocrx_word' id='word_1_192' title='bbox 752 2753 835 2813; x_wconf 87' lang='lat' dir='ltr'>effici.</span> <span class='ocrx_word' id='word_1_193' title='bbox 881 2753 1022 2813; x_wconf 82' lang='lat' dir='ltr'>Confecta</span> <span class='ocrx_word' id='word_1_194' title='bbox 1053 2759 1096 2815; x_wconf 91' lang='lat' dir='ltr'>est</span> <span class='ocrx_word' id='word_1_195' title='bbox 1124 2755 1197 2813; x_wconf 90' lang='lat' dir='ltr'>haec</span> <span class='ocrx_word' id='word_1_196' title='bbox 1224 2757 1341 2813; x_wconf 90' lang='lat' dir='ltr'>senten-</span> 
     </span>
     <span class='ocr_line' id='line_1_23' title="bbox 217 2855 1340 2931; baseline -0.002 -18"><span class='ocrx_word' id='word_1_197' title='bbox 217 2857 322 2914; x_wconf 89' lang='lat' dir='ltr'>tiarum</span> <span class='ocrx_word' id='word_1_198' title='bbox 355 2855 526 2931; x_wconf 84' lang='lat' dir='ltr'>disceptatio</span> <span class='ocrx_word' id='word_1_199' title='bbox 561 2861 590 2916; x_wconf 93' lang='lat' dir='ltr'>et</span> <span class='ocrx_word' id='word_1_200' title='bbox 623 2857 789 2916; x_wconf 84' lang='lat' dir='ltr'>conciliatio</span> <span class='ocrx_word' id='word_1_201' title='bbox 822 2855 908 2930; x_wconf 78' lang='lat'>§44‚</span> <span class='ocrx_word' id='word_1_202' title='bbox 945 2860 1084 2930; x_wconf 87' lang='lat' dir='ltr'>quantum</span> <span class='ocrx_word' id='word_1_203' title='bbox 1121 2855 1237 2930; x_wconf 90' lang='lat' dir='ltr'>quidem</span> <span class='ocrx_word' id='word_1_204' title='bbox 1276 2872 1340 2912; x_wconf 93' lang='lat' dir='ltr'>cum</span> 
     </span>
     <span class='ocr_line' id='line_1_24' title="bbox 218 2955 1340 3034; baseline -0.003 -18"><span class='ocrx_word' id='word_1_205' title='bbox 218 2959 432 3017; x_wconf 84' lang='lat' dir='ltr'>assensionibus</span> <span class='ocrx_word' id='word_1_206' title='bbox 455 2959 648 3034; x_wconf 85' lang='lat' dir='ltr'>coniungitur,</span> <span class='ocrx_word' id='word_1_207' title='bbox 671 2958 778 3017; x_wconf 88' lang='lat' dir='ltr'>deinde</span> <span class='ocrx_word' id='word_1_208' title='bbox 799 2958 927 3017; x_wconf 90' lang='lat' dir='ltr'>breviter</span> <span class='ocrx_word' id='word_1_209' title='bbox 949 2957 977 3034; x_wconf 55' lang='grc' dir='ltr'>(ᾗ</span> <span class='ocrx_word' id='word_1_210' title='bbox 993 2957 1045 3032; x_wconf 84' lang='lat'>45)</span> <span class='ocrx_word' id='word_1_211' title='bbox 1069 2959 1186 3015; x_wconf 82' lang='lat' dir='ltr'>omrioo</span> <span class='ocrx_word' id='word_1_212' title='bbox 1203 2955 1240 3014; x_wconf 87' lang='lat' dir='ltr'>ad</span> <span class='ocrx_word' id='word_1_213' title='bbox 1256 2973 1340 3014; x_wconf 89' lang='lat' dir='ltr'>casus</span> 
     </span>
     <span class='ocr_line' id='line_1_25' title="bbox 218 3057 1341 3136; baseline -0.004 -18"><span class='ocrx_word' id='word_1_214' title='bbox 218 3060 296 3118; x_wconf 88' lang='lat' dir='ltr'>vitae</span> <span class='ocrx_word' id='word_1_215' title='bbox 317 3061 494 3136; x_wconf 89' lang='lat' dir='ltr'>prospicitur</span> <span class='ocrx_word' id='word_1_216' title='bbox 517 3064 546 3118; x_wconf 94' lang='lat' dir='ltr'>et</span> <span class='ocrx_word' id='word_1_217' title='bbox 568 3059 670 3119; x_wconf 90' lang='lat' dir='ltr'>eadem</span> <span class='ocrx_word' id='word_1_218' title='bbox 691 3061 804 3120; x_wconf 85' lang='lat' dir='ltr'>ratione</span> <span class='ocrx_word' id='word_1_219' title='bbox 823 3060 986 3119; x_wconf 87' lang='lat' dir='ltr'>sententiae</span> <span class='ocrx_word' id='word_1_220' title='bbox 1001 3059 1137 3119; x_wconf 85' lang='lat' dir='ltr'>inimicae</span> <span class='ocrx_word' id='word_1_221' title='bbox 1153 3057 1341 3118; x_wconf 90' lang='lat' dir='ltr'>conferuntur</span> 
     </span>
     <span class='ocr_line' id='line_1_26' title="bbox 218 3162 1341 3239; baseline -0.001 -18"><span class='ocrx_word' id='word_1_222' title='bbox 218 3166 247 3221; x_wconf 88' lang='lat' dir='ltr'>et</span> <span class='ocrx_word' id='word_1_223' title='bbox 269 3166 481 3238; x_wconf 85' lang='lat' dir='ltr'>comparantur.</span> <span class='ocrx_word' id='word_1_224' title='bbox 510 3163 637 3222; x_wconf 91' lang='lat' dir='ltr'>Dubium</span> <span class='ocrx_word' id='word_1_225' title='bbox 652 3181 712 3222; x_wconf 88' lang='lat' dir='ltr'>non</span> <span class='ocrx_word' id='word_1_226' title='bbox 727 3167 778 3236; x_wconf 85' lang='lat' dir='ltr'>est,</span> <span class='ocrx_word' id='word_1_227' title='bbox 801 3164 870 3238; x_wconf 92' lang='lat' dir='ltr'>quin</span> <span class='ocrx_word' id='word_1_228' title='bbox 885 3182 944 3223; x_wconf 91' lang='lat' dir='ltr'>non</span> <span class='ocrx_word' id='word_1_229' title='bbox 958 3165 1051 3222; x_wconf 85' lang='lat' dir='ltr'>multa</span> <span class='ocrx_word' id='word_1_230' title='bbox 1065 3162 1239 3239; x_wconf 74' lang='lat' dir='ltr'>perierintl)</span> <span class='ocrx_word' id='word_1_231' title='bbox 1263 3163 1341 3220; x_wconf 85' lang='lat' dir='ltr'>certe</span> 
     </span>
     <span class='ocr_line' id='line_1_27' title="bbox 217 3264 1341 3342; baseline -0.001 -19"><span class='ocrx_word' id='word_1_232' title='bbox 217 3283 276 3324; x_wconf 90' lang='lat' dir='ltr'>non</span> <span class='ocrx_word' id='word_1_233' title='bbox 307 3264 342 3324; x_wconf 89' lang='lat' dir='ltr'>de</span> <span class='ocrx_word' id='word_1_234' title='bbox 372 3266 436 3341; x_wconf 91' lang='lat' dir='ltr'>ipso</span> <span class='ocrx_word' id='word_1_235' title='bbox 466 3269 644 3342; x_wconf 83' lang='lat' dir='ltr'>argumento.</span> <span class='ocrx_word' id='word_1_236' title='bbox 695 3267 883 3340; x_wconf 86' lang='lat' dir='ltr'>Habemus,</span> <span class='ocrx_word' id='word_1_237' title='bbox 918 3284 1006 3342; x_wconf 88' lang='lat' dir='ltr'>quae</span> <span class='ocrx_word' id='word_1_238' title='bbox 1035 3264 1234 3325; x_wconf 87' lang='lat' dir='ltr'>Antiochus</span> <span class='ocrx_word' id='word_1_239' title='bbox 1266 3265 1341 3340; x_wconf 87' lang='lat' dir='ltr'>ipse</span> 
     </span>
     <span class='ocr_line' id='line_1_28' title="bbox 219 3367 1342 3445; baseline -0.001 -19"><span class='ocrx_word' id='word_1_240' title='bbox 219 3367 339 3442; x_wconf 84' lang='lat' dir='ltr'>sensit,</span> <span class='ocrx_word' id='word_1_241' title='bbox 374 3386 413 3426; x_wconf 92' lang='lat' dir='ltr'>ea</span> <span class='ocrx_word' id='word_1_242' title='bbox 447 3384 543 3441; x_wconf 88' lang='lat' dir='ltr'>sane,</span> <span class='ocrx_word' id='word_1_243' title='bbox 579 3385 666 3443; x_wconf 85' lang='lat' dir='ltr'>quae</span> <span class='ocrx_word' id='word_1_244' title='bbox 697 3368 893 3445; x_wconf 80' lang='lat' dir='ltr'>Chrysippo</span> <span class='ocrx_word' id='word_1_245' title='bbox 929 3373 962 3428; x_wconf 92' lang='lat' dir='ltr'>et</span> <span class='ocrx_word' id='word_1_246' title='bbox 997 3369 1213 3439; x_wconf 85' lang='lat' dir='ltr'>adversariis</span> <span class='ocrx_word' id='word_1_247' title='bbox 1252 3384 1342 3426; x_wconf 84' lang='lat' dir='ltr'>eom-</span> 
     </span>
     <span class='ocr_line' id='line_1_29' title="bbox 219 3469 1342 3544; baseline -0.001 -17"><span class='ocrx_word' id='word_1_248' title='bbox 219 3469 334 3528; x_wconf 86' lang='lat' dir='ltr'>munia</span> <span class='ocrx_word' id='word_1_249' title='bbox 366 3487 440 3528; x_wconf 90' lang='lat' dir='ltr'>esse</span> <span class='ocrx_word' id='word_1_250' title='bbox 472 3469 569 3544; x_wconf 90' lang='lat' dir='ltr'>dicit,</span> <span class='ocrx_word' id='word_1_251' title='bbox 597 3471 674 3528; x_wconf 84' lang='lat' dir='ltr'>reihil</span> <span class='ocrx_word' id='word_1_252' title='bbox 701 3471 766 3542; x_wconf 68' lang='lat' dir='ltr'>fieri</span> <span class='ocrx_word' id='word_1_253' title='bbox 794 3473 858 3530; x_wconf 77' lang='lat' dir='ltr'>sirie</span> <span class='ocrx_word' id='word_1_254' title='bbox 887 3473 984 3531; x_wconf 80' lang='lat' dir='ltr'>corsis</span> <span class='ocrx_word' id='word_1_255' title='bbox 1012 3470 1261 3540; x_wconf 81' lang='lat' dir='ltr'>ootecederotibres,</span> <span class='ocrx_word' id='word_1_256' title='bbox 1292 3486 1342 3527; x_wconf 90' lang='lat' dir='ltr'>eos</span> 
     </span>
     <span class='ocr_line' id='line_1_30' title="bbox 219 3571 1342 3649; baseline -0.002 -19"><span class='ocrx_word' id='word_1_257' title='bbox 219 3575 315 3631; x_wconf 91' lang='lat' dir='ltr'>autem</span> <span class='ocrx_word' id='word_1_258' title='bbox 344 3589 405 3630; x_wconf 84' lang='lat' dir='ltr'>rore</span> <span class='ocrx_word' id='word_1_259' title='bbox 434 3589 495 3631; x_wconf 89' lang='lat' dir='ltr'>esse</span> <span class='ocrx_word' id='word_1_260' title='bbox 523 3574 705 3632; x_wconf 84' lang='lat' dir='ltr'>rreoessorios</span> <span class='ocrx_word' id='word_1_261' title='bbox 727 3571 755 3649; x_wconf 58' lang='grc' dir='ltr'>(ᾗ</span> <span class='ocrx_word' id='word_1_262' title='bbox 771 3573 836 3647; x_wconf 90' lang='grc'>44);</span> <span class='ocrx_word' id='word_1_263' title='bbox 869 3575 1045 3646; x_wconf 78' lang='lat' dir='ltr'>quibasdam</span> <span class='ocrx_word' id='word_1_264' title='bbox 1073 3575 1106 3631; x_wconf 84' lang='lat' dir='ltr'>ire</span> <span class='ocrx_word' id='word_1_265' title='bbox 1131 3573 1217 3631; x_wconf 82' lang='lat' dir='ltr'>rebus</span> <span class='ocrx_word' id='word_1_266' title='bbox 1244 3572 1342 3629; x_wconf 82' lang='lat' dir='ltr'>corsis</span> 
     </span>
     <span class='ocr_line' id='line_1_31' title="bbox 219 3675 1341 3750; baseline -0.004 -16"><span class='ocrx_word' id='word_1_267' title='bbox 219 3677 396 3750; x_wconf 79' lang='lat' dir='ltr'>oretepressis</span> <span class='ocrx_word' id='word_1_268' title='bbox 417 3677 450 3733; x_wconf 84' lang='lat' dir='ltr'>ire</span> <span class='ocrx_word' id='word_1_269' title='bbox 471 3679 576 3735; x_wconf 84' lang='lat' dir='ltr'>rostro</span> <span class='ocrx_word' id='word_1_270' title='bbox 600 3680 697 3734; x_wconf 83' lang='lat' dir='ltr'>torrere</span> <span class='ocrx_word' id='word_1_271' title='bbox 719 3692 781 3734; x_wconf 88' lang='lat' dir='ltr'>esse</span> <span class='ocrx_word' id='word_1_272' title='bbox 795 3679 952 3749; x_wconf 80' lang='lat' dir='ltr'>potestate,</span> <span class='ocrx_word' id='word_1_273' title='bbox 974 3679 1010 3734; x_wconf 84' lang='lat' dir='ltr'>ot</span> <span class='ocrx_word' id='word_1_274' title='bbox 1024 3675 1080 3733; x_wconf 87' lang='lat' dir='ltr'>illo</span> <span class='ocrx_word' id='word_1_275' title='bbox 1096 3676 1183 3734; x_wconf 88' lang='lat' dir='ltr'>oliter</span> <span class='ocrx_word' id='word_1_276' title='bbox 1198 3675 1341 3742; x_wconf 85' lang='lat' dir='ltr'>erereiorri,</span> 
     </span>
     <span class='ocr_line' id='line_1_32' title="bbox 220 3775 1342 3853; baseline -0.003 -18"><span class='ocrx_word' id='word_1_277' title='bbox 220 3795 342 3849; x_wconf 78' lang='lat' dir='ltr'>qoorrrrrr</span> <span class='ocrx_word' id='word_1_278' title='bbox 364 3794 472 3836; x_wconf 81' lang='lat' dir='ltr'>corsae</span> <span class='ocrx_word' id='word_1_279' title='bbox 491 3779 605 3851; x_wconf 79' lang='lat' dir='ltr'>fuerint</span> <span class='ocrx_word' id='word_1_280' title='bbox 626 3779 654 3851; x_wconf 69' lang='grc' dir='ltr'>(ἓ</span> <span class='ocrx_word' id='word_1_281' title='bbox 667 3777 728 3851; x_wconf 87' lang='grc'>45).</span> <span class='ocrx_word' id='word_1_282' title='bbox 757 3779 822 3836; x_wconf 86' lang='lat' dir='ltr'>Hac</span> <span class='ocrx_word' id='word_1_283' title='bbox 841 3777 1051 3853; x_wconf 87' lang='lat' dir='ltr'>disceptatione</span> <span class='ocrx_word' id='word_1_284' title='bbox 1065 3778 1156 3851; x_wconf 91' lang='lat' dir='ltr'>ipsius</span> <span class='ocrx_word' id='word_1_285' title='bbox 1172 3775 1342 3852; x_wconf 88' lang='lat' dir='ltr'>philosophi</span> 
     </span>
     <span class='ocr_line' id='line_1_33' title="bbox 220 3878 1342 3954; baseline -0.003 -16"><span class='ocrx_word' id='word_1_286' title='bbox 220 3880 384 3938; x_wconf 90' lang='lat' dir='ltr'>continetur</span> <span class='ocrx_word' id='word_1_287' title='bbox 403 3881 553 3952; x_wconf 87' lang='lat' dir='ltr'>sententia,</span> <span class='ocrx_word' id='word_1_288' title='bbox 577 3880 601 3937; x_wconf 92' lang='lat' dir='ltr'>si</span> <span class='ocrx_word' id='word_1_289' title='bbox 616 3878 801 3938; x_wconf 90' lang='lat' dir='ltr'>concedimus</span> <span class='ocrx_word' id='word_1_290' title='bbox 817 3897 882 3938; x_wconf 89' lang='lat' dir='ltr'>eum</span> <span class='ocrx_word' id='word_1_291' title='bbox 899 3880 1023 3939; x_wconf 89' lang='lat' dir='ltr'>consilio</span> <span class='ocrx_word' id='word_1_292' title='bbox 1040 3883 1068 3938; x_wconf 94' lang='lat' dir='ltr'>et</span> <span class='ocrx_word' id='word_1_293' title='bbox 1083 3881 1243 3951; x_wconf 87' lang='lat' dir='ltr'>voluntate,</span> <span class='ocrx_word' id='word_1_294' title='bbox 1266 3895 1342 3954; x_wconf 87' lang='lat' dir='ltr'>quae</span> 
     </span>
     <span class='ocr_line' id='line_1_34' title="bbox 218 3981 1342 4059; baseline -0.001 -21"><span class='ocrx_word' id='word_1_295' title='bbox 218 3982 351 4056; x_wconf 87' lang='lat' dir='ltr'>legimus,</span> <span class='ocrx_word' id='word_1_296' title='bbox 368 3982 583 4059; x_wconf 89' lang='lat' dir='ltr'>conscripsisse.</span> <span class='ocrx_word' id='word_1_297' title='bbox 609 3982 668 4057; x_wconf 87' lang='lat' dir='ltr'>Illi,</span> <span class='ocrx_word' id='word_1_298' title='bbox 684 3999 806 4057; x_wconf 90' lang='lat' dir='ltr'>quornm</span> <span class='ocrx_word' id='word_1_299' title='bbox 822 3983 1038 4041; x_wconf 87' lang='lat' dir='ltr'>conclusionem</span> <span class='ocrx_word' id='word_1_300' title='bbox 1053 3982 1083 4039; x_wconf 94' lang='lat' dir='ltr'>in</span> <span class='ocrx_word' id='word_1_301' title='bbox 1098 3981 1113 4057; x_wconf 83' lang='lat'><strong>§</strong></span> <span class='ocrx_word' id='word_1_302' title='bbox 1126 3981 1167 4039; x_wconf 89' lang='lat'>40</span> <span class='ocrx_word' id='word_1_303' title='bbox 1182 3983 1342 4052; x_wconf 85' lang='lat' dir='ltr'>rettulerat,</span> 
     </span>
     <span class='ocr_line' id='line_1_35' title="bbox 218 4084 1342 4160; baseline -0.002 -17"><span class='ocrx_word' id='word_1_304' title='bbox 218 4086 369 4160; x_wconf 79' lang='lat' dir='ltr'>repoboot</span> <span class='ocrx_word' id='word_1_305' title='bbox 392 4084 458 4159; x_wconf 79' lang='lat' dir='ltr'>foto</span> <span class='ocrx_word' id='word_1_306' title='bbox 487 4086 706 4145; x_wconf 83' lang='lat' dir='ltr'>osseosiorribrrs</span> <span class='ocrx_word' id='word_1_307' title='bbox 733 4084 864 4143; x_wconf 84' lang='lat' dir='ltr'>adhibito</span> <span class='ocrx_word' id='word_1_308' title='bbox 890 4086 1093 4144; x_wconf 84' lang='lat' dir='ltr'>recessitotero</span> <span class='ocrx_word' id='word_1_309' title='bbox 1120 4085 1157 4142; x_wconf 87' lang='lat' dir='ltr'>ob</span> <span class='ocrx_word' id='word_1_310' title='bbox 1184 4084 1229 4143; x_wconf 85' lang='lat' dir='ltr'>iis</span> <span class='ocrx_word' id='word_1_311' title='bbox 1252 4099 1342 4156; x_wconf 83' lang='lat' dir='ltr'>posse</span> 
     </span>
     <span class='ocr_line' id='line_1_36' title="bbox 219 4184 1126 4263; baseline 0 -18"><span class='ocrx_word' id='word_1_312' title='bbox 219 4189 367 4257; x_wconf 87' lang='lat' dir='ltr'>rerrooeri,</span> <span class='ocrx_word' id='word_1_313' title='bbox 389 4187 452 4262; x_wconf 89' lang='lat' dir='ltr'>ipse</span> <span class='ocrx_word' id='word_1_314' title='bbox 475 4186 582 4263; x_wconf 86' lang='lat' dir='ltr'>docuit,</span> <span class='ocrx_word' id='word_1_315' title='bbox 605 4186 762 4262; x_wconf 79' lang='lat' dir='ltr'>Chrysippi</span> <span class='ocrx_word' id='word_1_316' title='bbox 784 4198 847 4263; x_wconf 89' lang='lat' dir='ltr'>ope,</span> <span class='ocrx_word' id='word_1_317' title='bbox 870 4184 926 4245; x_wconf 91' lang='lat' dir='ltr'>hoc</span> <span class='ocrx_word' id='word_1_318' title='bbox 947 4185 1010 4244; x_wconf 91' lang='lat' dir='ltr'>fieri</span> <span class='ocrx_word' id='word_1_319' title='bbox 1031 4203 1126 4262; x_wconf 90' lang='lat' dir='ltr'>posse.</span> 
     </span>
    </p>
   </div>
   <div class='ocr_carea' id='block_1_3' title="bbox 219 4332 1342 4579">
    <p class='ocr_par' dir='ltr' id='par_1_3' title="bbox 219 4332 1342 4579">
     <span class='ocr_line' id='line_1_37' title="bbox 305 4332 1340 4406; baseline -0.007 -15"><span class='ocrx_word' id='word_1_320' title='bbox 305 4337 325 4405; x_wconf 90' lang='lat'>¹)</span> <span class='ocrx_word' id='word_1_321' title='bbox 350 4336 463 4406; x_wconf 84' lang='lat' dir='ltr'>Signum</span> <span class='ocrx_word' id='word_1_322' title='bbox 486 4335 516 4390; x_wconf 90' lang='lat' dir='ltr'>id</span> <span class='ocrx_word' id='word_1_323' title='bbox 539 4348 650 4406; x_wconf 90' lang='lat' dir='ltr'>quoque</span> <span class='ocrx_word' id='word_1_324' title='bbox 673 4335 721 4404; x_wconf 84' lang='lat' dir='ltr'>sit,</span> <span class='ocrx_word' id='word_1_325' title='bbox 747 4335 823 4403; x_wconf 90' lang='lat' dir='ltr'>quod</span> <span class='ocrx_word' id='word_1_326' title='bbox 841 4334 902 4404; x_wconf 75' lang='lat'>§45</span> <span class='ocrx_word' id='word_1_327' title='bbox 922 4334 957 4391; x_wconf 89' lang='lat' dir='ltr'>de</span> <span class='ocrx_word' id='word_1_328' title='bbox 974 4337 1113 4403; x_wconf 85' lang='lat' dir='ltr'>potestate</span> <span class='ocrx_word' id='word_1_329' title='bbox 1129 4338 1223 4388; x_wconf 87' lang='lat' dir='ltr'>nostra</span> <span class='ocrx_word' id='word_1_330' title='bbox 1240 4332 1340 4401; x_wconf 61' lang='lat' dir='ltr'>agilum</span> 
     </span>
     <span class='ocr_line' id='line_1_38' title="bbox 219 4416 1342 4488; baseline -0.003 -15"><span class='ocrx_word' id='word_1_331' title='bbox 219 4422 285 4475; x_wconf 83' lang='lat' dir='ltr'>eutis</span> <span class='ocrx_word' id='word_1_332' title='bbox 309 4422 523 4476; x_wconf 85' lang='lat' dir='ltr'>demonstratum</span> <span class='ocrx_word' id='word_1_333' title='bbox 545 4426 588 4476; x_wconf 89' lang='lat' dir='ltr'>est</span> <span class='ocrx_word' id='word_1_334' title='bbox 610 4420 724 4476; x_wconf 86' lang='lat' dir='ltr'>liberam</span> <span class='ocrx_word' id='word_1_335' title='bbox 745 4421 917 4475; x_wconf 83' lang='lat' dir='ltr'>voluntatem</span> <span class='ocrx_word' id='word_1_336' title='bbox 939 4419 1024 4475; x_wconf 89' lang='lat' dir='ltr'>totius</span> <span class='ocrx_word' id='word_1_337' title='bbox 1047 4418 1239 4488; x_wconf 86' lang='lat' dir='ltr'>disputationis</span> <span class='ocrx_word' id='word_1_338' title='bbox 1263 4416 1342 4485; x_wconf 86' lang='lat' dir='ltr'>quasi</span> 
     </span>
     <span class='ocr_line' id='line_1_39' title="bbox 220 4503 1200 4579; baseline -0.004 -18"><span class='ocrx_word' id='word_1_339' title='bbox 220 4503 433 4579; x_wconf 83' lang='lat' dir='ltr'>fundamentum,</span> <span class='ocrx_word' id='word_1_340' title='bbox 451 4507 612 4576; x_wconf 88' lang='lat' dir='ltr'>principium</span> <span class='ocrx_word' id='word_1_341' title='bbox 632 4509 661 4562; x_wconf 88' lang='lat' dir='ltr'>et</span> <span class='ocrx_word' id='word_1_342' title='bbox 677 4505 758 4562; x_wconf 87' lang='lat' dir='ltr'>finem</span> <span class='ocrx_word' id='word_1_343' title='bbox 776 4522 836 4562; x_wconf 88' lang='lat' dir='ltr'>esse</span> <span class='ocrx_word' id='word_1_344' title='bbox 853 4505 901 4578; x_wconf 84' lang='lat' dir='ltr'>(et.</span> <span class='ocrx_word' id='word_1_345' title='bbox 920 4506 1003 4562; x_wconf 84' lang='lat' dir='ltr'>etiam</span> <span class='ocrx_word' id='word_1_346' title='bbox 1021 4519 1060 4560; x_wconf 85' lang='lat' dir='ltr'>sc.</span> <span class='ocrx_word' id='word_1_347' title='bbox 1072 4505 1100 4560; x_wconf 91' lang='lat'>11</span> <span class='ocrx_word' id='word_1_348' title='bbox 1118 4503 1200 4575; x_wconf 70' lang='lat'>539).</span> 
     </span>
    </p>
   </div>
   <div class='ocr_carea' id='block_1_4' title="bbox 0 0 1569 4972">
    <p class='ocr_par' dir='ltr' id='par_1_4' title="bbox 0 0 1569 4972">
     <span class='ocr_line' id='line_1_40' title="bbox 0 0 1569 4972; baseline 0 0"><span class='ocrx_word' id='word_1_349' title='bbox 0 0 1569 4972; x_wconf 95' lang='lat' dir='ltr'> </span> 
     </span>
    </p>
   </div>
  </div>
 </body>
</html>
