3120 4972
272 367 312 426 20

270 542 378 616 potest:
406 537 444 598 ad
461 533 627 599 'Stoicorum
655 538 731 597 enim
755 541 897 598 acturam
918 536 1079 615 respicit31)
1107 553 1202 612 neque
1224 534 1395 596 Academici

270 761 301 804 se
329 743 486 813 irrideant,
518 743 548 802 id
580 742 658 818 quod
686 742 817 801 timidum
848 746 974 802 ostentat
1004 744 1053 801 vel
1082 746 1270 819 praecautum
1301 757 1394 815 genus

270 843 535 922 philosophandil)

355 949 401 1006 De
429 965 461 1006 re
491 964 585 1023 pauca
615 946 753 1006 addenda
782 946 853 1007 mibi
880 950 955 1006 sunt.
998 948 1034 1004 ln
1060 946 1134 1023 §24
1157 946 1258 1006 eadem
1281 946 1395 1004 ratione

270 1053 358 1125 atque
387 1049 424 1109 de
453 1049 543 1108 finv
565 1049 637 1125 §39
668 1050 807 1108 sermonis
834 1051 993 1109 communis
1020 1050 1178 1108 afferuntur
1205 1049 1339 1124 exempla
1366 1051 1396 1106 et

270 1152 308 1211 ad
330 1152 546 1228 philosophiam
561 1151 778 1228 explanandam
793 1151 1032 1227 probandamque
1047 1151 1272 1227 intendunturd)
1309 1151 1395 1210 Ultra

270 1254 451 1315 Carneadem
477 1254 535 1312 iam
562 1254 648 1327 haec,
678 1255 769 1312 multo
797 1255 921 1330 amplius
944 1254 1016 1330 §25
1038 1255 1183 1330 procedit:
1212 1255 1265 1312 ille
1288 1271 1393 1328 nega·

272 1356 404 1432 veratt)
440 1356 603 1415 oobcctotc's
635 1360 755 1414 nostroe
789 1360 922 1415 coeternas
956 1373 1062 1416 causas
1096 1373 1168 1429 csse,
1205 1355 1281 1433 §25
1314 1372 1395 1413 con-

270 1457 431 1517 firmatur
459 1461 571 1517 acturo
599 1458 664 1534 ipsa
690 1462 722 1516 ut
747 1458 778 1516 in
800 1458 908 1517 mundo
931 1445 1041 1517 atomos
1063 1459 1105 1517 ita
1125 1459 1156 1515 in
1178 1458 1262 1517 nobis
1284 1457 1395 1514 animos

270 1561 389 1634 moveri,
411 1564 440 1619 et
462 1561 531 1619 illas
554 1564 583 1620 et
605 1560 658 1619 hos
679 1561 758 1636 ipsos
780 1565 922 1619 acturam
945 1577 1010 1619 eom
1031 1562 1064 1619 ia
1085 1578 1116 1620 sc
1139 1562 1292 1619 coctiacrc.

355 1661 456 1721 Facile
479 1663 663 1736 cognoscitur
683 1661 822 1722 adfinem
838 1663 982 1737 quendam
998 1663 1198 1738 quaestionem
1212 1662 1394 1738 pervenisse:

271 1766 372 1822 contra
399 1763 593 1839 Chrysippum
615 1765 735 1840 Epicuri
765 1766 905 1823 auxilinm
935 1766 1105 1823 arcessitum
1135 1769 1179 1823 est
1209 1763 1247 1822 ad
1272 1763 1395 1823 liberam

270 1867 450 1925 voluntatem
477 1866 676 1939 obtinendam,
702 1867 829 1943 Epicuro
857 1867 933 1925 nihil
959 1866 1123 1943 proficienti
1145 1867 1303 1925 submissus
1326 1865 1394 1924 Oar-

270 1968 388 2040 neades,
410 1969 451 2026 ita
473 1968 563 2027 vincit
585 1968 706 2028 libertas
728 1969 896 2042 voluntatis,
918 1971 1103 2044 repelluntur
1126 1987 1230 2027 causae
1247 1972 1395 2040 externae,

272 2069 440 2130 conceditur
462 2087 525 2129 esse
548 2088 664 2143 causas,
691 2070 742 2130 sed
764 2072 859 2130 inesse
882 2073 912 2129 in
934 2075 1038 2129 natura
1061 2072 1233 2144 animorum,
1263 2089 1322 2129 non
1345 2088 1395 2128 ex·

271 2172 414 2231 trinsecus
436 2171 586 2232 accedere.

356 2275 458 2348 Itaque
488 2292 547 2333 non
574 2275 675 2333 mirum
703 2278 757 2348 est,
788 2274 866 2348 quod
893 2276 923 2333 in
950 2275 1022 2351 §26
1046 2274 1141 2333 denuo
1163 2275 1313 2350 incipitur,
1343 2272 1395 2332 sed

271 2375 359 2433 valde
389 2377 488 2449 miror,
517 2376 596 2451 quod
624 2380 683 2435 tam
713 2377 912 2436 communibus
941 2378 1135 2451 inanibusque
1162 2376 1259 2434 verbis
1282 2376 1393 2434 initium

271 2476 314 2536 fit:
339 2477 437 2551 Quod
459 2495 532 2536 com
552 2480 606 2536 ito
626 2480 686 2552 sc't,
710 2479 794 2551 quid
815 2483 878 2549 est,
902 2496 962 2537 cor
1065 2479 1107 2538 At
1129 2477 1345 2553 neglegendum
1364 2476 1394 2534 id

272 2583 359 2653 esset,
399 2580 457 2638 nisi
494 2581 559 2639 aliis
596 2584 752 2655 augeretur
788 2581 1003 2639 offensionibus.
1061 2580 1252 2639 Desideratus
1288 2597 1394 2637 nomen

271 2680 427 2758 Chrysippi
456 2687 523 2758 post
552 2683 622 2755 §21
654 2700 796 2758 nusquam
824 2686 1089 2755 commemoratum,
1120 2700 1155 2742 eo
1181 2683 1287 2757 magis,
1317 2680 1395 2756 quod

271 2801 308 2842 ne
341 2785 486 2844 scntentia
518 2785 635 2858 quidem
669 2786 730 2844 eins
763 2786 876 2844 interim
909 2787 1033 2861 repetita
1065 2789 1117 2844 est.
1171 2786 1264 2844 Multo
1298 2787 1394 2843 autem

271 2884 471 2945 vehementius
504 2887 634 2946 offendor
666 2888 753 2946 rebus
784 2889 868 2962 ipsis,
902 2906 977 2963 quae
1010 2887 1057 2946 bic
1088 2887 1237 2946 docentur.
1287 2888 1394 2945 Nonne

270 2986 334 3063 ipse
354 2985 534 3063 Chrysippus
557 2987 729 3046 defenderat
751 3006 863 3047 omnem
887 2989 1113 3047 enuntiationem
1137 2992 1186 3046 aut
1207 3006 1307 3046 veram
1330 3004 1394 3046 esse

272 3091 322 3147 aut
343 3087 469 3147 falsam?
498 3088 570 3148 Mihi
593 3088 786 3148 confitendum
809 3093 853 3148 est
875 3107 921 3148 me
944 3107 987 3164 ea,
1010 3090 1135 3165 quaein
1159 3088 1227 3165 §26
1251 3089 1394 3162 dicuntur,

270 3207 366 3265 neque
388 3191 506 3266 singula
527 3208 634 3266 neque,
662 3210 719 3266 qua
739 3193 851 3251 ratione
878 3193 1091 3267 argumentatio
1112 3191 1327 3268 progrediatur,
1351 3192 1393 3248 in·

270 3293 426 3367 tellegere;
457 3311 524 3351 nam
554 3311 640 3353 sensu
668 3298 770 3352 carent
798 3312 892 3368 neque
922 3295 999 3352 inter
1028 3312 1059 3353 se
1089 3295 1159 3352 satis
1190 3311 1302 3353 conexa
1329 3295 1395 3352 sunt

270 3412 366 3468 neque
395 3394 433 3453 ad
461 3413 496 3453 ea
522 3395 681 3470 quadrant,
711 3414 786 3470 quae
814 3401 901 3454 antea
923 3395 968 3473 (ἓξ
985 3395 1111 3471 23sqq.)
1135 3395 1298 3470 disceptata
1319 3397 1394 3452 sunt.

271 3497 361 3556 Recte
394 3496 468 3555 vidit
500 3498 635 3557 Stuevius
662 3499 701 3573 (p.
718 3498 748 3573 5)
782 3497 819 3556 de
850 3497 961 3571 fotuns
993 3497 1041 3556 hic
1075 3499 1135 3572 agi,
1169 3498 1272 3556 iterum
1306 3501 1394 3572 atque

270 3599 374 3656 iterum
396 3599 521 3673 legimns
543 3617 607 3659 eam
629 3617 745 3671 vocem3
767 3601 817 3674 qui
838 3617 908 3657 vero
930 3599 961 3658 id
983 3599 1092 3658 factum
1113 3606 1196 3673 esset,
1220 3617 1394 3674 quamquam

272 3702 306 3771 §b
320 3701 431 3776 aesqq.
447 3701 586 3776 cognovit
608 3703 645 3760 ab
668 3700 908 3760 antecedentibus
931 3701 1136 3776 disiungendas
1156 3719 1229 3775 esse,
1251 3702 1395 3761 nonsatis

356 3902 378 3969 1)
396 3899 510 3954 Probari
526 3905 627 3971 potest,
646 3917 715 3972 quae
732 3901 760 3955 in
778 3901 838 3971 §25
857 3900 999 3970 docentur,
1018 3917 1053 3957 ex
1070 3901 1132 3970 ipso
1145 3901 1298 3971 Chrysippo
1312 3901 1396 3955 ducta

272 4000 345 4040 esse:
364 4002 390 4041 v.
409 3986 441 4056 ἕξ
454 3990 554 4040 42-43
573 3987 680 4056 (suopte
696 3990 798 4041 aotacro
816 3986 886 4056 ξω,
904 3986 1047 4056 coaptavi
1065 3990 1090 4040 et
1107 3989 1209 4040 notura
1227 3986 1309 4058 543).

357 4071 379 4139 a)
402 4071 560 4126 Ciceronem
586 4076 680 4128 notum
707 4076 750 4126 est
775 4071 906 4141 physicos
932 4071 1011 4141 parvi
1037 4072 1178 4141 putavisse
1205 4075 1252 4126 aut
1277 4070 1394 4125 illusisse

272 4154 360 4224 (velut
378 4171 417 4211 ac.
430 4156 457 4210 II
475 4156 558 4226 §tot

356 4241 377 4309 ⁸)
396 4239 563 4380 &idochum
581 4242 767 4298 Ascalonitam
785 4242 820 4296 ad
839 4257 901 4297 enm
917 4243 1015 4299 librum
1032 4243 1183 4298 adhibitum
1201 4256 1261 4298 esse
1279 4243 1394 4297 constat.

356 4326 379 4398 ⁴)
432 4368 437 4380 .
456 4327 537 4381 etiam
555 4326 624 4398 §31.
