3120 4972
260 375 301 438 40

259 551 311 610 vel
330 547 504 624 contagione
518 566 625 608 rerum:
649 565 686 607 ex
701 547 873 608 aeternitate
889 546 986 606 omnia
1000 545 1182 606 naturalibus
1198 545 1293 605 causis
1306 545 1383 605 inter

259 669 290 712 se
313 662 426 711 conexa
448 668 511 710 esse
534 653 563 709 et
581 650 789 709 immutabilem
805 667 869 709 esse
884 649 962 710 bunc
977 649 1107 709 ordinem
1123 666 1274 709 causarum
1289 652 1382 708 aeter-

259 772 374 826 narum:
396 751 627 828 respondebatur
648 754 773 829 primum
788 751 825 811 de
841 753 1013 828 contagione
1028 769 1124 811 rerum
1139 753 1204 827 ipsa
1219 751 1247 829 (ὅ
1261 753 1299 827 7),
1322 754 1383 810 tum

260 856 297 916 de
319 854 552 914 immutabilitate
575 873 724 914 causarum
747 854 792 932 (ἐξ
808 856 926 931 8sqq.),
954 872 1049 930 neque
1072 873 1142 913 vero
1164 854 1195 911 in
1216 854 1383 913 universum

260 958 418 1034 disputatio
439 956 535 1031 fiebat,
557 957 609 1016 sed
632 957 670 1016 ad
692 957 942 1017 dissimilitudines
965 959 1059 1017 solum
1083 957 1280 1034 spectabatur,
1308 975 1383 1032 quae

260 1064 357 1121 essent
378 1062 409 1119 in
423 1061 534 1119 naturis
548 1059 709 1119 bominum:
732 1060 814 1119 nasei
829 1077 899 1118 sane
914 1060 1046 1119 homines
1061 1063 1165 1118 natura
1180 1059 1338 1118 dissimiles
1355 1063 1384 1120 et

260 1164 334 1224 alios
356 1163 393 1222 ad
411 1164 472 1222 alia
486 1163 689 1239 propensiores
705 1165 825 1238 propter
839 1179 943 1222 causas
958 1164 1108 1222 naturales
1124 1166 1153 1222 et
1168 1161 1384 1236 antecedentes,

260 1269 290 1326 at
316 1267 478 1325 nostrarum
504 1267 687 1324 voluntatum
714 1268 801 1339 atque
827 1265 1038 1340 appetitionum
1061 1282 1162 1324 causas
1184 1265 1333 1324 naturales
1356 1267 1385 1324 et

261 1367 469 1429 antecedentes
499 1386 559 1427 non
588 1384 663 1443 esse,
694 1367 780 1426 immo
802 1368 833 1425 iu
855 1370 955 1426 nostra
976 1370 1122 1443 potestate
1145 1385 1220 1440 esse,
1250 1385 1325 1443 quae
1348 1385 1385 1426 ex

261 1469 443 1531 naturalibus
466 1471 561 1529 causis
582 1471 682 1528 innata
705 1473 808 1543 essent,
831 1471 902 1528 vitia
924 1469 1042 1529 vincere
1066 1473 1095 1528 et
1111 1471 1281 1546 exstirpare.
1313 1470 1385 1531 Cum

259 1573 334 1633 haec
356 1572 393 1631 ad
415 1590 509 1632 mores
532 1561 641 1655 (ἦθος)
664 1575 818 1648 spectaret,
841 1574 956 1631 altera
977 1589 1046 1647 pars
1068 1573 1157 1647 plane
1177 1565 1295 1656 λογικὴ
1309 1575 1385 1645 erat;

261 1677 288 1734 ei
320 1675 471 1751 proposita
503 1677 567 1733 erat
597 1673 753 1749 Chrysippi
783 1673 819 1733 de
849 1674 1095 1749 enuntiationibus
1125 1675 1290 1734 conclusio:
1323 1675 1386 1733 iure

261 1777 455 1853 Chrysippum
478 1775 643 1835 defendisse
663 1794 777 1836 omnem
793 1776 1020 1836 enuntiationem
1036 1780 1085 1835 aut
1100 1795 1200 1835 reram
1216 1780 1266 1835 aut
1280 1775 1386 1836 falsam

261 1897 337 1951 esse;
367 1877 419 1938 sed
448 1877 527 1953 quod
549 1877 617 1937 inde
639 1879 722 1953 sequi
744 1877 890 1936 docuisset
912 1878 1010 1936 omnia
1032 1877 1092 1936 fato
1114 1877 1189 1950 lieri,
1219 1896 1279 1937 non
1300 1895 1385 1953 posse

259 1980 389 2058 probari;
417 1997 513 2055 neque
543 1997 613 2038 vero
636 1980 793 2055 Epicurum
822 1985 932 2039 rectam
963 1980 1110 2039 invenisse
1139 1981 1230 2055 viam,
1261 1998 1319 2056 qua
1350 1999 1386 2039 ex

260 2083 307 2144 bis
340 2083 481 2159 angustiis
514 2085 613 2158 posset
645 2083 745 2159 effugi,
778 2101 843 2142 cum
877 2083 940 2142 sine
974 2099 1062 2141 causa
1092 2085 1203 2141 atomos
1233 2082 1386 2142 declinare

261 2185 394 2246 dixisset:
424 2187 538 2244 nullum
569 2185 630 2245 sine
661 2204 748 2246 causa
770 2189 878 2245 motum
902 2203 973 2248 esse.
1017 2186 1095 2260 Ergo
1117 2203 1177 2244 non
1200 2185 1236 2244 ab
1259 2186 1386 2261 Epicuro

260 2287 437 2365 praesidium
467 2287 626 2363 petendum
649 2305 712 2347 esse
735 2288 765 2346 in
787 2287 996 2364 Chrysippum,
1025 2287 1076 2347 sed
1100 2307 1117 2346 a
1140 2287 1305 2360 Carneade,
1336 2288 1387 2364 qui

260 2395 339 2450 reete
360 2389 390 2448 id
412 2393 524 2448 tantum
547 2388 725 2450 defendisset
747 2423 788 2433 -
811 2390 956 2449 hocloco
979 2408 1046 2465 pars
1069 2391 1163 2448 altera
1177 2391 1272 2466 prima
1287 2390 1388 2448 nititur

261 2493 484 2551 -voluntatis
514 2495 632 2551 nostrae
659 2510 718 2551 non
745 2510 809 2552 esse
832 2510 934 2552 causas
958 2498 1093 2552 externas
1116 2496 1145 2551 et
1167 2491 1387 2565 antecedentes3

261 2612 320 2654 non
350 2595 466 2654 omnino
497 2596 559 2654 sine
589 2612 689 2670 causa,
719 2598 748 2653 at
777 2613 829 2653 sua
859 2599 971 2654 tantum
1001 2599 1105 2653 natura
1135 2596 1247 2654 moveri
1276 2595 1387 2654 animos

261 2701 375 2758 nostros
409 2697 454 2776 (ἕξ
470 2698 621 2774 21-25).
673 2699 719 2756 lta
753 2698 901 2758 decertato
931 2697 1086 2773 Chrysippi
1120 2701 1149 2758 et
1177 2698 1387 2773 Epicureorum

262 2801 428 2874 certamine,
444 2805 546 2860 neutro
561 2801 680 2859 illorum
695 2800 812 2859 omnino
828 2800 959 2876 probato,
974 2801 1100 2876 Epicuro
1112 2802 1202 2876 plane
1214 2800 1387 2875 improbato,

263 2901 415 2963 Carneade
444 2901 481 2960 ad
512 2904 652 2960 auxilium
683 2902 839 2974 advocato,
868 2903 991 2978 primum
1019 2903 1204 2961 obtinebatur
1232 2902 1389 2978 Chrysippi

262 3005 299 3064 de
321 3004 566 3063 enuntiationibus
581 3005 732 3077 sententia,
755 3005 839 3062 etiam
855 3002 1011 3062 defuturis
1027 3004 1072 3080 (ἓξ
1089 3004 1221 3078 13-14,
1240 3006 1384 3082 17-18),

262 3110 322 3166 tum
343 3124 414 3166 vero
433 3105 669 3182 propulsabatur,
693 3124 779 3181 quam
793 3106 847 3164 ille
862 3105 930 3165 inde
946 3108 1139 3180 concluserat,
1161 3107 1320 3166 necessitas
1335 3106 1388 3166 fati

262 3213 312 3269 aut
334 3211 490 3268 aeternitas
514 3225 677 3268 causarum:
700 3208 919 3268 concedendum
941 3226 1004 3268 esse
1026 3209 1102 3268 nihil
1124 3209 1186 3268 sine
1206 3210 1301 3270 causis
1317 3208 1388 3286 fieri,

262 3316 292 3371 at
318 3313 493 3371 interesse
523 3312 617 3370 inter
647 3328 769 3370 causas
799 3315 963 3371 aeternas
992 3315 1140 3371 naturae
1170 3313 1388 3371 necessitate

263 3417 443 3473 manantes
485 3418 518 3473 et
559 3415 652 3473 inter
693 3431 816 3473 causas
857 3413 1005 3473 fortuito
1042 3417 1281 3489 antegressas:
1321 3415 1389 3472 illa

262 3533 442 3575 causarum
469 3517 685 3576 aeternitate
712 3516 868 3576 homines
890 3517 1008 3576 libera
1029 3519 1215 3576 voluntate
1238 3516 1389 3592 spoliari

262 3621 296 3677 et
324 3619 542 3678 necessitate
565 3618 630 3679 tati
654 3619 808 3679 devinci:
832 3637 915 3694 ergo
938 3621 1185 3679 aeternitatem
1208 3617 1389 3678 causarum

262 3721 459 3780 tollendam
486 3739 575 3794 esse;
602 3723 643 3780 ita
665 3739 765 3780 omnes
789 3723 1014 3795 enuntiationes,
1037 3739 1085 3780 eas
1110 3739 1238 3797 quoque,
1261 3722 1389 3797 quaein

262 3823 359 3882 futura
381 3825 588 3900 prospicerent,
612 3841 696 3883 veras
718 3822 835 3899 quidem
858 3842 922 3883 esse
944 3843 980 3884 ex
996 3825 1175 3897 aeternitate,
1200 3842 1302 3884 causas
1317 3842 1388 3884 uero

262 3943 322 3984 non
344 3924 452 3986 habere
475 3945 512 3986 ex
527 3928 698 3985 aeternitate
712 3929 864 3986 manantes
880 3926 925 4002 (ἕξ
939 3927 1076 4000 18-19,
1093 3927 1239 3998 28-38).
1266 3927 1389 3985 Tertia

263 4027 389 4103 denique
425 4034 509 4104 parte
546 4047 598 4104 pro
636 4027 846 4088 consuetudine
880 4046 932 4088 sua
965 4029 1194 4088 adversarios
1226 4029 1319 4088 inter
1352 4045 1388 4087 se

264 4131 459 4190 conciliare
475 4133 636 4191 conabatur·
650 4129 815 4190 Antiochus
823 4130 856 4207 ¹):
873 4130 1021 4191 nitebatur
1034 4132 1108 4191 haec
1124 4149 1240 4206 quoque
1255 4130 1387 4206 partibus

350 4345 371 4414 ¹)
384 4345 427 4400 De
436 4345 488 4400 hac
496 4349 573 4414 parte
582 4362 636 4401 non
646 4361 716 4416 opus
726 4351 768 4403 est
776 4347 883 4417 singula
891 4351 1016 4418 repetere
1025 4350 1184 4419 argumenta
1193 4345 1241 4416 (cf.
1250 4361 1277 4417 p.
1286 4349 1315 4400 31
1324 4344 1388 4419 sq.).
