3120 4972
1298 363 1335 426 19

215 540 304 601 liceat
325 535 446 600 referre:
474 533 596 600 Omnem
619 539 846 599 enuntiationem
869 542 919 599 aut
940 556 1040 598 veram
1062 543 1112 599 aut
1133 537 1238 598 falsam
1261 556 1336 599 esse:

216 643 246 702 id
268 642 335 701 inde
357 643 448 718 sequi,
470 642 548 716 quod
570 642 668 701 omnia
690 642 819 701 habeant
842 659 944 700 causas
960 640 1128 714 efficientes,
1150 658 1246 716 neque
1261 645 1338 700 stare

217 762 313 821 posse,
347 745 371 803 si
404 762 463 802 non
496 745 593 803 omnia
625 761 728 803 causas
761 743 921 803 efficientes
954 743 1093 803 habeant:
1130 747 1208 802 stare
1242 746 1338 801 autem

217 851 363 923 oportere,
397 864 467 922 ergo
502 847 598 904 omnia
631 846 706 904 effici
739 846 835 904 causis
866 845 1054 920 antegressis,
1087 847 1201 904 nullum
1231 848 1339 904 motum

216 950 279 1008 sine
302 965 391 1007 causa
414 966 490 1007 esse:
517 948 577 1007 fato
599 948 687 1023 igitur
708 947 783 1021 fieri,
808 964 999 1023 quaecunque
1022 947 1100 1006 fiant.
1144 948 1253 1008 Contra
1275 964 1340 1005 eam

216 1050 409 1127 philosophus
439 1055 550 1117 noster,
581 1068 666 1124 quem
696 1050 771 1109 nihil
799 1051 891 1124 magis
920 1049 1080 1109 defendere
1106 1051 1223 1122 scimus,
1253 1066 1340 1124 qnam

216 1154 381 1213 libertatem
404 1153 564 1212 voluntatis
586 1158 715 1228 nostrae,
744 1155 804 1211 tam
826 1153 932 1211 acriter
955 1152 1096 1228 disputat,
1118 1155 1149 1210 ut
1170 1140 1342 1228 profiteatur

217 1256 311 1331 potius
341 1273 372 1314 se
395 1257 513 1331 Epicuri
536 1272 684 1330 -quem
713 1256 838 1313 maxime
868 1254 964 1315 odisse
996 1272 1060 1313 eum
1080 1252 1175 1313 ‘etiam
1205 1272 1242 1313 ex
1268 1253 1340 1330 §38

218 1358 403 1433 cognoscitur
435 1391 478 1400 —
510 1357 682 1416 sententiam
719 1359 808 1432 plane
844 1357 1019 1415 contrariam
1055 1359 1240 1431 accepturum
1277 1373 1342 1414 esse

218 1461 351 1534 negantis
374 1463 423 1518 aut
445 1477 545 1518 veram
567 1462 616 1517 aut
637 1459 744 1517 salsam
767 1457 875 1517 debere
893 1475 957 1517 esse
973 1459 1200 1516 enuntiationem
1216 1474 1342 1516 omnem:

218 1561 295 1619 hanc
328 1563 434 1620 hebere
463 1562 578 1633 aliquid
607 1562 829 1635 disputationis
861 1562 944 1618 illam
972 1578 1034 1619 nora
1063 1577 1125 1620 esse
1155 1560 1342 1619 tolerabilem.

220 1663 414 1723 Conseruntur
443 1662 549 1722 deindo
579 1662 751 1722 adversarii:
782 1662 1014 1739 Chrysippum
1042 1680 1142 1722 omnes
1164 1662 1343 1722 contendere

219 1784 337 1839 nervos,
370 1770 401 1824 ut
433 1765 607 1841 persuadeat
639 1769 690 1824 aut
722 1783 822 1824 verum
855 1782 918 1824 esse
948 1769 998 1824 aut
1026 1765 1132 1824 falsum
1163 1765 1344 1824 enuntiatum

220 1886 317 1943 omne,
350 1886 385 1927 ea
417 1868 574 1944 impulsum
604 1869 741 1944 opinione
770 1885 801 1926 se
829 1867 886 1927 hoc
914 1868 1039 1944 probato
1069 1867 1099 1926 id
1128 1884 1244 1942 quoqne
1276 1884 1344 1925 con·

219 1969 386 2044 firmavisse,
409 1971 505 2029 omnia
528 1970 587 2029 fato
611 1975 639 2029 et
661 1988 698 2029 ex
720 1970 846 2030 aeternis
864 1972 959 2030 causis
974 1969 1044 2042 fieri,
1066 1971 1253 2046 Epicurum
1268 1966 1345 2027 illud

220 2091 328 2147 negare
350 2075 433 2131 nulla
455 2075 516 2131 alia
537 2074 687 2131 incitatum
710 2090 807 2144 causa,
829 2073 885 2131 nisi
906 2075 938 2130 ut
959 2071 1013 2130 sati
1036 2072 1107 2130 vitet
1128 2073 1344 2131 necessitatem:

220 2174 287 2233 ideo
308 2176 459 2234 induxisse
483 2176 598 2233 tertium
619 2177 730 2232 motum
750 2177 832 2232 extro
847 2175 968 2248 pondus
984 2178 1013 2231 et
1026 2174 1162 2247 plagam,
1185 2177 1345 2232 atomorum

220 2277 283 2335 sine
314 2294 402 2335 causa
431 2277 669 2335 declinationem:
700 2293 798 2349 quem,
828 2276 965 2349 quoniam
995 2275 1057 2334 sine
1084 2292 1172 2335 causa
1193 2275 1256 2348 fiat,
1286 2292 1346 2334 non

220 2379 405 2455 probabilem
432 2396 507 2452 esse,
536 2382 565 2437 et
587 2378 784 2437 Democritum
813 2378 875 2436 iure
905 2378 1043 2437 maluisse
1072 2379 1169 2436 omnia
1196 2377 1258 2436 fieri
1285 2377 1345 2436 fato

223 2499 309 2556 quam
339 2481 376 2540 ab
405 2481 563 2540 individuis
592 2481 762 2556 corporibus
790 2482 941 2539 naturales
968 2482 1100 2540 avellere
1122 2484 1224 2542 motus.
1267 2480 1346 2556 Ergo

222 2600 317 2657 neque
350 2583 513 2658 Chrysippo
550 2583 708 2642 assentitur
741 2581 934 2658 philosophus
967 2600 1062 2658 neque
1095 2583 1215 2659 Epicuri
1247 2583 1347 2659 spinas

221 2687 335 2762 probat.
378 2685 493 2744 Laudat
518 2686 605 2760 igitur
627 2685 854 2757 Carneadem,
882 2686 932 2760 qui
953 2684 1084 2744 docuerit
1106 2686 1168 2744 sine
1190 2684 1247 2743 hac
1270 2703 1347 2744 oom-

222 2789 359 2848 menticia
385 2788 581 2848 declinatione
603 2788 764 2863 Epicureos
787 2804 903 2846 causam
926 2805 1007 2846 suam
1029 2788 1170 2847 sustinere
1192 2804 1290 2863 posse:
1317 2786 1347 2845 id

223 2892 318 2949 solum
333 2889 524 2950 defenderent
539 2893 567 2949 et
583 2889 787 2949 confirmarent
803 2906 863 2949 esse
879 2891 1026 2962 quaedam
1041 2891 1135 2948 animi
1147 2890 1348 2948 cotumturtwm

222 2996 341 3064 motosm,
365 2992 561 3051 concederent
580 3009 643 3051 esse
660 3009 762 3050 causas
778 2996 872 3050 motus
887 2993 1056 3064 animorum,
1078 3009 1137 3049 non
1152 2990 1348 3050 concederent

224 3111 289 3152 esse
312 3109 415 3151 causas
438 3097 574 3151 externas
590 3097 619 3151 et
634 3093 849 3152 antecedentes.
878 3093 1022 3168 Apertum
1038 3096 1081 3151 est
1096 3093 1173 3151 hanc
1189 3092 1348 3152 Carneadis

224 3195 396 3254 sententiam
429 3212 488 3252 non
517 3193 603 3252 modo
633 3196 726 3269 pluris
756 3195 902 3253 aestimari
932 3194 969 3252 ab
1001 3198 1118 3253 auctore
1146 3194 1348 3269 disputationis

223 3300 340 3356 nostrae
362 3314 449 3371 quam
473 3300 597 3370 ceteras,
621 3297 757 3373 quoniam
780 3296 888 3372 pergit:
915 3294 1068 3355 Acutius
1092 3295 1271 3366 Carneades,
1300 3297 1351 3368 qua·

297 3399 350 3458 sed
372 3399 438 3459 ideo
460 3399 588 3474 landari,
616 3399 694 3474 quod
715 3400 778 3475 ipse
800 3398 877 3457 idem
900 3401 999 3458 sentit:
1026 3416 1084 3474 quo
1106 3398 1149 3472 fit,
1171 3403 1203 3458 nt
1224 3400 1255 3457 in
1276 3399 1349 3476 §24

225 3503 332 3575 statim,
368 3502 407 3561 ad
441 3501 580 3561 directam
612 3504 724 3560 tantum
757 3518 892 3560 reversus
925 3501 1098 3575 orationem,
1134 3501 1348 3577 progrediatur:

142 3602 146 3612 '
228 3602 380 3663 Commorat
409 3606 522 3679 igitar
550 3605 831 3663 consuetudine
875 3604 1011 3662 Premcre
1043 3607 1139 3662 autem
1165 3621 1284 3663 necesse
1307 3608 1352 3664 est

226 3707 384 3764 orationem
414 3706 559 3765 diversam
586 3706 658 3783 §23
681 3709 769 3780 atque
791 3705 825 3781 ἐξ
841 3706 881 3763 24
904 3709 932 3764 ct
955 3706 1004 3764 25.
1048 3704 1252 3766 Schmekelius
1274 3706 1350 3764 enim

227 3823 262 3864 oa
291 3808 428 3881 neglecta
457 3826 493 3866 ex
523 3807 579 3867 hoc
608 3809 675 3866 loco
705 3808 826 3882 collegit
852 3807 1032 3867 Carneadem
1062 3809 1112 3866 vel
1139 3807 1351 3867 Clitomachum

227 3926 291 3967 esse
307 3911 453 3967 auctorem
468 3909 671 3985 disputationis
687 3929 705 3968 a
720 3909 862 3970 Cicerone
876 3908 1019 3968 redditae.
1048 3910 1151 3984 Itaque
1166 3908 1351 3970 Schmekelio

226 4010 414 4070 iudicandum
436 4015 512 4070 esset
535 4017 584 4070 aut
599 4011 768 4072 Ciceronem
791 4012 954 4087 corrupisse
976 4030 1046 4084 rem,
1069 4013 1205 4086 quoniam
1221 4012 1352 4071 oratione

228 4114 416 4186 distinxisset,
439 4131 513 4189 qnae
536 4114 664 4172 eiusdem
687 4117 784 4173 essent
799 4115 924 4173 auctoris
940 4131 1035 4188 neque
1050 4113 1189 4188 distingui
1204 4113 1352 4188 deberent,

227 4220 276 4276 aut
314 4215 409 4292 §§,24
439 4220 468 4275 et
500 4215 539 4274 25
573 4215 722 4276 Ciceronis
755 4217 888 4291 proprias
922 4233 997 4275 esse:
1030 4213 1085 4274 hoc
1119 4215 1168 4273 vix
1200 4216 1353 4290 quisquam

227 4317 381 4392 obtinebit,
410 4316 486 4375 illud
514 4316 602 4375 credo
629 4334 664 4374 eo
690 4315 801 4390 refelli,
829 4317 1002 4392 quod§25
1026 4316 1186 4377 Carneadis
1209 4333 1351 4378 essenon

1165 4431 1198 4488 2*
