3120 4972
218 319 259 378 28

216 495 327 551 morato
357 484 500 567 pergitur:
531 488 577 551 At
602 511 667 552 cant
688 493 721 551 in
741 487 847 551 Aiacis
868 493 969 551 naainr
991 493 1200 567 crispisulcans
1221 495 1339 570 ipncnnc

216 597 331 670 sannen
352 597 490 654 inieotnrn
513 599 563 666 est,
586 597 790 668 inflammatur
810 597 896 655 nanis
915 599 1088 656 necessario.
1124 598 1217 656 Nemo
1233 596 1339 658 infitias

216 698 269 757 ibit
285 698 428 758 Graecum
451 700 617 774 exemplum
639 697 726 758 fontis
742 698 847 759 Graeci
865 698 1003 757 iudicium
1020 717 1098 772 esse;
1121 702 1208 774 atquo
1225 701 1274 774 qui
1289 701 1339 774 sic,

216 804 248 858 ut
271 818 304 859 eo
327 802 393 859 loco
415 799 454 876 fit,
477 817 578 859 causas
601 801 746 874 tractavit,
769 801 797 859 ei
817 801 872 859 tali
891 818 1006 875 quoque
1023 803 1158 876 exemplo
1174 819 1246 877 opus
1263 806 1338 861 erat:

216 900 293 961 idom
323 919 407 975 vero,
437 919 502 961 cum
529 902 663 963 Ciceroni
692 901 841 962 videretur
870 921 935 962 cum
964 903 1101 977 reliquis,
1132 920 1207 978 quae
1237 906 1338 962 nostro

218 1007 356 1063 contextu
385 1003 542 1078 docentur,
572 1006 649 1064 male
679 1005 854 1078 convenire,
885 1006 916 1062 in
943 1005 1020 1063 libro
1050 1004 1087 1063 de
1116 1004 1176 1063 tato
1206 1006 1338 1064 omittere

218 1107 372 1166 constituit.
415 1107 507 1166 Nobis
536 1111 632 1165 autem
661 1106 730 1166 inde
757 1106 958 1183 colligendum
985 1111 1028 1166 est
1054 1108 1222 1168 Ciceronem
1249 1108 1338 1166 alium

216 1208 353 1268 habuisse
374 1209 490 1283 librum,
513 1209 590 1268 uude
612 1209 689 1272 hanc
712 1227 865 1269 causarum
887 1209 1082 1269 definitionem
1102 1212 1224 1270 afferret.
1254 1210 1338 1281 Quod

217 1329 287 1370 vero
310 1310 346 1370 de
369 1315 467 1371 nostro
489 1314 556 1371 loco
580 1313 705 1385 conicio,
732 1329 766 1371 eo
789 1312 968 1387 probabilius
990 1311 1033 1385 fit,
1056 1313 1081 1371 si
1102 1313 1155 1371 ille
1177 1312 1338 1388 topicorum

96 1428 103 1438 ·
216 1416 300 1472 locus
334 1432 349 1472 e
382 1414 522 1473 memoria
531 1414 553 1494 ¹)
591 1414 773 1490 conscriptus
810 1419 854 1473 est
886 1415 1036 1489 (quoniam
1068 1414 1137 1474 inde
1169 1417 1339 1488 sequeretur

217 1516 352 1577 Ciceroni
391 1517 499 1597 optimc
539 1520 638 1575 notam
678 1515 767 1575 fuisse
802 1516 879 1576 hanc
916 1516 1133 1594 definitionem).
1190 1517 1269 1591 Ergo
1305 1517 1340 1574 in

217 1618 460 1695 disputatione
503 1618 709 1695 philosophi
750 1620 862 1678 nostri
901 1619 937 1678 dc
978 1620 1038 1678 tato
1079 1618 1211 1678 instituta
1250 1618 1340 1678 hanc

218 1739 397 1781 causarum
426 1721 673 1781 definitionem
702 1741 770 1781 non
798 1721 908 1781 fuisse
934 1740 1104 1798 persuasum
1131 1721 1233 1783 habeo.

303 1825 418 1898 Restat,
447 1829 479 1883 ut
508 1823 544 1882 de
567 1823 600 1900 ἐξ
616 1825 656 1882 37
680 1827 709 1883 et
732 1825 772 1882 38
802 1823 943 1882 addamus
972 1823 1016 1882 his
1043 1823 1081 1882 ad
1103 1823 1189 1883 finem
1210 1824 1340 1900 perduci,

218 1945 304 2002 quam
344 1927 459 2003 saepius
496 1927 721 2001 explicavimus,
760 1925 930 2002 philosophi
966 1927 1058 1985 nostri
1091 1925 1339 2001 disceptationem.

217 2031 393 2105 Propulsato
421 2029 638 2106 exspectatione
665 2030 760 2088 acrius
783 2023 908 2105 Epicuro
931 2032 992 2088 tota
1014 2028 1087 2088 haec
1109 2045 1177 2104 pars
1199 2029 1254 2086 illa
1276 2030 1340 2104 ipsa

218 2131 430 2207 disceptatione
459 2130 644 2190 concluditur
671 2129 779 2206 (ξ38);
812 2131 1001 2190 Tencbitnr
1026 2132 1119 2206 ipitnr
1143 2131 1186 2200 id,
1217 2132 1296 2203 qnod
1321 2150 1341 2190 a

220 2232 384 2309 Chrysippo
405 2236 579 2309 defenditur,
604 2251 716 2293 ornnena
732 2236 963 2293 enantiationcrn
979 2237 1033 2292 ant
1045 2251 1144 2292 oerarn
1160 2237 1214 2292 ant
1226 2234 1340 2308 falsane

219 2355 293 2409 esse;
322 2340 400 2396 ratio
422 2339 490 2411 r'psa
513 2341 595 2412 capet
617 2340 649 2396 et
671 2354 708 2396 en
731 2339 947 2396 aeternitate
970 2337 1142 2410 anaedarn
1165 2354 1239 2396 esse
1260 2354 1341 2395 uera

218 2443 250 2498 et
271 2457 311 2498 ca
332 2457 401 2498 non
424 2456 497 2498 esse
518 2457 608 2498 nona
631 2441 749 2499 eansis
773 2442 928 2499 aeternis
951 2442 984 2499 et
1003 2456 1022 2498 a
1036 2438 1341 2513 fatinecessttatc

218 2558 292 2601 esse
316 2542 436 2600 libera.

302 2642 349 2702 Sic
375 2643 567 2719 philosophus
589 2643 668 2719 ipse,
691 2662 766 2719 quae
789 2644 915 2703 voluerit
937 2644 1143 2717 demonstrare,
1165 2644 1289 2720 partitur
1312 2647 1341 2701 et

217 2744 451 2821 comprehendit;
481 2763 534 2804 uos
560 2746 650 2805 hanc
677 2747 751 2805 eius
779 2748 926 2805 alteram
952 2750 1086 2823 partem
1108 2747 1158 2805 ita
1181 2744 1339 2805 dividere

216 2865 381 2922 possumus,
410 2852 442 2906 ut
470 2849 588 2923 priore
618 2866 710 2922 usque
736 2847 774 2907 ad
801 2845 875 2928 §25
904 2851 1021 2908 omnino
1044 2852 1137 2908 motus
1159 2848 1339 2908 voluntarios

217 2949 377 3006 animorum
418 2947 537 3007 defendi
576 2952 748 3022 statuamus,
789 2951 905 3008 altera
941 2951 1075 3026 longiore
1112 2954 1140 3010 et
1176 2950 1340 3009 difficiliore

217 3049 262 3125 (ἐξ
281 3049 417 3123 13-14,
442 3051 577 3124 17-19,
603 3051 737 3125 28-33,
760 3052 809 3124 34,
832 3053 970 3127 36-38)
993 3053 1079 3112 simul
1102 3054 1226 3113 obtineri
1249 3052 1340 3128 Chry-

217 3152 294 3228 sippi
323 3151 359 3210 de
389 3153 635 3212 enuntiationibus
663 3155 835 3214 seutentiam
859 3151 904 3234 (ἕξ
924 3154 1060 3228 13-14,
1085 3155 1223 3232 17-18)
1245 3159 1273 3215 et
1295 3173 1340 3214 re-

216 3254 331 3328 pudiari
370 3256 570 3314 aeternitatem
608 3273 758 3315 causarum
795 3257 857 3316 sive
893 3258 1097 3317 necessitatem
1133 3257 1187 3316 fati
1223 3259 1270 3332 (ἓξ
1293 3258 1340 3331 19,

218 3357 364 3429 28-38).
406 3357 441 3413 In
467 3360 590 3432 utraque
620 3361 716 3417 autem
745 3376 885 3418 summam
908 3359 1074 3419 Carneades
1100 3358 1190 3418 habet
1216 3359 1338 3418 auctori·

217 3459 318 3528 tatem,
352 3457 401 3530 qui
432 3459 516 3532 quasi
545 3460 639 3518 socius
670 3458 707 3518 ad
737 3460 946 3520 decertandum
975 3461 1146 3535 advocatur,
1176 3462 1273 3537 priore
1302 3459 1340 3518 ad

218 3556 417 3616 defendendos
447 3563 540 3619 motus
569 3563 764 3636 voluntarios,
794 3564 956 3639 posteriore
985 3563 1024 3622 ad
1051 3562 1214 3623 reiciendas
1238 3579 1339 3622 causas

217 3662 359 3719 aeternae.

301 3828 343 3907 ἕξ
359 3832 486 3890 39-45
513 3831 550 3890 ad
577 3851 672 3892 mores
697 3834 843 3910 pertinere
866 3838 978 3897 censuit
999 3836 1203 3897 Schmekelius
1226 3837 1264 3914 (p.
1279 3838 1339 3895 166

218 3933 248 3988 et
272 3932 331 3990 180
343 3932 406 4009 sq.).
451 3933 508 3992 Sed
536 3939 691 4010 postquam
718 3937 840 4012 primam
866 3943 980 4014 partem
1003 3958 1038 3999 eo
1061 3943 1193 4016 spectare
1215 3938 1339 3997 vidimus

305 4114 325 4182 ¹)
344 4115 384 4169 Of.
396 4120 453 4184 top.
473 4115 529 4185 §5:
554 4117 589 4170 dc
611 4117 663 4171 hac
685 4123 763 4186 parte
786 4119 831 4189 (ἓξ
844 4125 876 4175 58
886 4122 959 4191 sqq.)
979 4122 1106 4191 equidem
1123 4121 1153 4175 id
1171 4118 1338 4184 crediderim,

218 4213 273 4251 non
296 4199 384 4254 miuus
409 4201 444 4255 de
462 4200 495 4271 ἓξ
509 4206 608 4256 34-36
632 4202 695 4258 libri
718 4204 804 4259 nostri
821 4205 857 4260 de
875 4206 946 4275 tato,
965 4207 1086 4276 ipsorum
1104 4206 1198 4261 horum
1216 4204 1338 4258 locorum

219 4288 247 4336 et
264 4282 440 4340 similitudine
459 4291 487 4341 et
504 4286 723 4344 dissimilitudine
742 4294 902 4347 commotus.
