3120 4972
327 341 369 400 48

325 512 449 589 partium
477 510 628 589 dispositio
650 510 679 589 (ξ
697 512 726 588 l)
749 510 913 572 notionibus
935 510 1020 572 nimis
1043 512 1240 572 communibus
1263 515 1291 572 et
1312 511 1447 571 inanibus

325 614 480 673 inducitur.

411 717 489 792 Ergo
517 720 655 792 quantum
682 718 838 790 convertit,
863 714 1044 791 landandus,
1071 720 1209 792 quantum
1236 716 1299 792 ipse
1326 719 1448 775 conatus

326 823 370 879 est
384 837 436 879 sco
451 820 569 879 arbitrio
585 819 673 879 fontis
689 818 819 879 ordinem
834 822 953 895 mutare,
971 818 1230 895 reprehendendos
1245 823 1296 891 est,
1313 821 1448 893 quoniam

326 921 401 980 nihil
427 921 563 997 profecit,
589 923 676 982 immo
703 923 831 999 corrupit
858 923 1136 997 argumentationem
1164 921 1298 981 auctoris.
1345 922 1449 980 Liber

327 1023 367 1082 de
397 1024 472 1083 fato
501 1024 579 1084 tons
609 1029 662 1084 est
689 1026 887 1084 sententiae
914 1024 1092 1098 Antiochi,
1123 1025 1245 1084 Cicero
1271 1024 1448 1100 propriam

327 1146 393 1187 non
416 1125 648 1208 profitetur‚¹)
668 1127 723 1186 nisi
739 1127 882 1186 credimus
898 1128 1067 1202 quaestione
1082 1128 1137 1185 illa
1152 1130 1168 1200 ξ
1182 1129 1199 1185 6
1215 1127 1368 1202 verbosa2)
1385 1145 1448 1185 eam

327 1230 482 1289 contineri:
505 1247 580 1305 qnae
604 1229 721 1305 qnidcm
744 1229 835 1289 verba
857 1229 980 1289 oratoris
1001 1234 1075 1304 sunt,
1098 1231 1242 1289 sententia
1258 1233 1352 1288 autem
1367 1231 1450 1304 vulgi

327 1335 371 1391 cst
397 1334 447 1391 vel
469 1331 611 1390 levissimi
634 1332 772 1407 cuiusque
794 1331 930 1406 hominis,
956 1350 1016 1390 non
1037 1331 1206 1408 philosophi
1228 1333 1265 1392 de
1287 1333 1448 1391 conexione

328 1451 478 1493 causarum
502 1437 530 1493 ot
553 1433 589 1492 de
612 1432 673 1493 fato
695 1433 817 1510 physice
841 1434 919 1493 dicto
942 1433 991 1510 (dc
1014 1434 1071 1493 div.
1094 1434 1108 1492 Ι
1131 1433 1449 1511 §125)inquirentie;

327 1536 429 1596 Oiccro
451 1554 489 1595 ne
511 1539 570 1594 tum
594 1535 720 1612 quidem,
742 1540 897 1613 postquam
919 1537 1011 1595 libros
1033 1535 1068 1596 de
1084 1536 1263 1595 divinatione
1279 1537 1451 1612 conscripsit

327 1643 356 1699 ct
378 1640 407 1697 in
432 1639 627 1714 disputatione
644 1638 785 1699 Antiochi
807 1640 920 1698 versari
943 1640 1047 1716 coepit,
1069 1639 1325 1712 animadverterat,
1347 1640 1376 1696 in
1393 1656 1450 1713 quo

327 1759 416 1800 eausa
438 1742 616 1806 consisteret.
652 1742 765 1800 Nomen
782 1742 869 1817 igitur
884 1746 914 1801 et
928 1743 1093 1801 nniversam
1110 1742 1296 1819 disciplinam
1311 1740 1451 1800 Antiochi

327 1847 454 1903 sectatus
476 1846 527 1918 est,
550 1861 634 1918 quem
656 1847 786 1903 senserat
802 1860 866 1901 cum
883 1843 1015 1902 doctrina
1030 1843 1273 1903 Academicorum
1290 1860 1450 1917 congruere

327 1946 495 2020 negantium
525 1944 615 2003 fatum
646 1962 721 2004 esso:
752 1944 856 2020 quibus
882 1943 919 2003 de
947 1946 1040 2004 causis
1068 1949 1096 2004 ot
1120 1963 1177 2020 qua
1198 1945 1310 2003 ratione
1332 1944 1363 2002 id
1386 1961 1450 2003 csse

326 2050 461 2122 negaret,
491 2047 624 2111 Ciceroni
649 2064 773 2122 magnae
801 2063 888 2105 curae
914 2065 973 2106 non
996 2049 1071 2120 erat;
1101 2047 1170 2105 satis
1192 2045 1319 2107 hahebat
1340 2064 1450 2121 negare

327 2154 377 2209 aut
399 2149 539 2225 dubitare,
562 2153 594 2208 ut
617 2149 812 2209 Academicus
831 2149 988 2208 videretur.

412 2335 431 2399 ¹)
455 2334 517 2387 IIoo
540 2348 622 2387 ansus
640 2348 699 2386 sum
716 2332 846 2387 iudicium
864 2333 1001 2402 proferre,
1026 2348 1188 2402 quamquam
1205 2333 1309 2387 initium
1329 2333 1452 2402 disputa·

327 2419 409 2473 tionis
432 2418 524 2487 deest,
548 2419 596 2472 ubi
618 2434 695 2472 suam
715 2419 810 2473 Cicero
829 2418 901 2473 solet
919 2419 1080 2473 sententiam
1098 2435 1247 2488 exponere:
1272 2435 1336 2473 num
1353 2419 1381 2471 in
1398 2419 1452 2472 hoc

328 2504 397 2559 libro
422 2504 451 2557 id
474 2503 613 2572 copiosius
631 2502 738 2572 iecerit,
763 2504 911 2558 nescimus:
936 2505 959 2557 si
976 2502 1055 2573 tecit,
1079 2508 1181 2572 tamen,
1206 2520 1276 2573 quae
1294 2504 1363 2571 dixi,
1387 2519 1453 2557 vera

329 2605 391 2644 esee
409 2594 500 2643 certus
517 2604 584 2643 enm.

414 2674 435 2743 ¹)
453 2673 494 2728 ef.
512 2691 538 2742 p.
552 2679 630 2743 ldsq.
