<?xml version="1.0" encoding="UTF-8"?>
<!DOCTYPE html PUBLIC "-//W3C//DTD XHTML 1.0 Transitional//EN"
    "http://www.w3.org/TR/xhtml1/DTD/xhtml1-transitional.dtd">
<html xmlns="http://www.w3.org/1999/xhtml" xml:lang="en" lang="en">
 <head>
  <title>
</title>
<meta http-equiv="Content-Type" content="text/html;charset=utf-8" />
  <meta name='ocr-system' content='tesseract 3.04.00' />
  <meta name='ocr-capabilities' content='ocr_page ocr_carea ocr_par ocr_line ocrx_word'/>
</head>
<body>
  <div class='ocr_page' id='page_1' title='image "./decompositionee00loergoog_0019.png"; bbox 0 0 3120 4972; ppageno 0'>
   <div class='ocr_carea' id='block_1_1' title="bbox 1299 319 1338 378">
    <p class='ocr_par' dir='ltr' id='par_1_1' title="bbox 1299 319 1338 378">
     <span class='ocr_line' id='line_1_1' title="bbox 1299 319 1338 378; baseline 0.026 -1"><span class='ocrx_word' id='word_1_1' title='bbox 1299 319 1338 378; x_wconf 85' lang='lat'><em>13</em></span> 
     </span>
    </p>
   </div>
   <div class='ocr_carea' id='block_1_2' title="bbox 209 488 1341 2298">
    <p class='ocr_par' dir='ltr' id='par_1_2' title="bbox 209 488 1341 1991">
     <span class='ocr_line' id='line_1_2' title="bbox 209 488 1337 562; baseline -0.001 -14"><span class='ocrx_word' id='word_1_2' title='bbox 209 491 340 562; x_wconf 76' lang='lat' dir='ltr'><em>pertinet</em></span> <span class='ocrx_word' id='word_1_3' title='bbox 368 489 492 562; x_wconf 84' lang='lat' dir='ltr'><em>etiqetot,</em></span> <span class='ocrx_word' id='word_1_4' title='bbox 523 489 564 547; x_wconf 89' lang='lat' dir='ltr'><em>ool</em></span> <span class='ocrx_word' id='word_1_5' title='bbox 585 489 731 562; x_wconf 80' lang='lat' dir='ltr'><em>quosdam</em></span> <span class='ocrx_word' id='word_1_6' title='bbox 753 493 851 547; x_wconf 82' lang='lat' dir='ltr'><em>aeterra</em></span> <span class='ocrx_word' id='word_1_7' title='bbox 871 488 960 558; x_wconf 75' lang='lat' dir='ltr'><em>attuit,</em></span> <span class='ocrx_word' id='word_1_8' title='bbox 989 489 1041 547; x_wconf 86' lang='lat' dir='ltr'><em>ste</em></span> <span class='ocrx_word' id='word_1_9' title='bbox 1071 492 1251 548; x_wconf 77' lang='lat' dir='ltr'><em>astrorum</em></span> <span class='ocrx_word' id='word_1_10' title='bbox 1281 490 1337 562; x_wconf 79' lang='lat' dir='ltr'><em>of·</em></span> 
     </span>
     <span class='ocr_line' id='line_1_3' title="bbox 216 591 1339 666; baseline -0.001 -15"><span class='ocrx_word' id='word_1_11' title='bbox 216 593 325 666; x_wconf 79' lang='lat' dir='ltr'><em>feotr‘o</em></span> <span class='ocrx_word' id='word_1_12' title='bbox 346 592 454 665; x_wconf 89' lang='lat' dir='ltr'><em>ooteot,</em></span> <span class='ocrx_word' id='word_1_13' title='bbox 476 593 503 651; x_wconf 86' lang='lat' dir='ltr'><em>st</em></span> <span class='ocrx_word' id='word_1_14' title='bbox 516 592 569 662; x_wconf 88' lang='lat' dir='ltr'><em>ots,</em></span> <span class='ocrx_word' id='word_1_15' title='bbox 593 592 635 650; x_wconf 86' lang='lat' dir='ltr'><em>od</em></span> <span class='ocrx_word' id='word_1_16' title='bbox 652 592 867 665; x_wconf 70' lang='lat' dir='ltr'><em>praeterires,</em></span> <span class='ocrx_word' id='word_1_17' title='bbox 891 592 1044 651; x_wconf 78' lang='lat' dir='ltr'><em>adorares</em></span> <span class='ocrx_word' id='word_1_18' title='bbox 1060 596 1135 650; x_wconf 91' lang='lat' dir='ltr'><em>eerte</em></span> <span class='ocrx_word' id='word_1_19' title='bbox 1148 609 1209 650; x_wconf 81' lang='lat' dir='ltr'><em>nora</em></span> <span class='ocrx_word' id='word_1_20' title='bbox 1223 591 1339 650; x_wconf 82' lang='lat' dir='ltr'><em>ootebtt.</em></span> 
     </span>
     <span class='ocr_line' id='line_1_4' title="bbox 217 692 1340 770; baseline -0.001 -18"><span class='ocrx_word' id='word_1_21' title='bbox 217 692 276 752; x_wconf 81' lang='lat' dir='ltr'><em>Sed</em></span> <span class='ocrx_word' id='word_1_22' title='bbox 307 692 363 752; x_wconf 86' lang='lat' dir='ltr'><em>hoe</em></span> <span class='ocrx_word' id='word_1_23' title='bbox 396 694 512 752; x_wconf 90' lang='lat' dir='ltr'><em>nullum</em></span> <span class='ocrx_word' id='word_1_24' title='bbox 543 697 638 769; x_wconf 90' lang='lat' dir='ltr'><em>potest</em></span> <span class='ocrx_word' id='word_1_25' title='bbox 671 710 747 766; x_wconf 88' lang='lat' dir='ltr'><em>esse;</em></span> <span class='ocrx_word' id='word_1_26' title='bbox 779 694 903 769; x_wconf 91' lang='lat' dir='ltr'><em>primum</em></span> <span class='ocrx_word' id='word_1_27' title='bbox 936 694 1012 752; x_wconf 90' lang='lat' dir='ltr'><em>enim</em></span> <span class='ocrx_word' id='word_1_28' title='bbox 1040 694 1184 753; x_wconf 91' lang='lat' dir='ltr'><em>neminem</em></span> <span class='ocrx_word' id='word_1_29' title='bbox 1214 693 1340 770; x_wconf 83' lang='lat' dir='ltr'><em>effugiat,</em></span> 
     </span>
     <span class='ocr_line' id='line_1_5' title="bbox 217 795 1340 871; baseline 0 -17"><span class='ocrx_word' id='word_1_30' title='bbox 217 798 355 871; x_wconf 91' lang='lat' dir='ltr'><em>quantum</em></span> <span class='ocrx_word' id='word_1_31' title='bbox 386 795 460 855; x_wconf 86' lang='lat' dir='ltr'><em>haee</em></span> <span class='ocrx_word' id='word_1_32' title='bbox 493 813 553 854; x_wconf 89' lang='lat' dir='ltr'><em>non</em></span> <span class='ocrx_word' id='word_1_33' title='bbox 587 797 771 855; x_wconf 75' lang='lat' dir='ltr'><em>consentiant</em></span> <span class='ocrx_word' id='word_1_34' title='bbox 804 813 870 855; x_wconf 89' lang='lat' dir='ltr'><em>eum</em></span> <span class='ocrx_word' id='word_1_35' title='bbox 902 796 1038 854; x_wconf 87' lang='lat' dir='ltr'><em>universo</em></span> <span class='ocrx_word' id='word_1_36' title='bbox 1072 799 1221 868; x_wconf 81' lang='lat' dir='ltr'><em>contextu,</em></span> <span class='ocrx_word' id='word_1_37' title='bbox 1255 813 1340 869; x_wconf 90' lang='lat' dir='ltr'><em>quem</em></span> 
     </span>
     <span class='ocr_line' id='line_1_6' title="bbox 216 896 1340 974; baseline -0.001 -19"><span class='ocrx_word' id='word_1_38' title='bbox 216 914 303 973; x_wconf 90' lang='lat' dir='ltr'><em>supra</em></span> <span class='ocrx_word' id='word_1_39' title='bbox 325 897 540 974; x_wconf 79' lang='lat' dir='ltr'>descripsimus:</span> <span class='ocrx_word' id='word_1_40' title='bbox 563 901 651 956; x_wconf 88' lang='lat' dir='ltr'><em>antea</em></span> <span class='ocrx_word' id='word_1_41' title='bbox 672 900 701 956; x_wconf 89' lang='lat' dir='ltr'><em>et</em></span> <span class='ocrx_word' id='word_1_42' title='bbox 722 901 825 974; x_wconf 87' lang='lat' dir='ltr'><em>postea</em></span> <span class='ocrx_word' id='word_1_43' title='bbox 847 897 883 955; x_wconf 91' lang='lat' dir='ltr'><em>de</em></span> <span class='ocrx_word' id='word_1_44' title='bbox 906 897 1017 956; x_wconf 89' lang='lat' dir='ltr'><em>naturis</em></span> <span class='ocrx_word' id='word_1_45' title='bbox 1031 898 1163 956; x_wconf 88' lang='lat' dir='ltr'><em>loeorum</em></span> <span class='ocrx_word' id='word_1_46' title='bbox 1179 899 1208 955; x_wconf 92' lang='lat' dir='ltr'><em>et</em></span> <span class='ocrx_word' id='word_1_47' title='bbox 1223 896 1340 954; x_wconf 93' lang='lat' dir='ltr'><em>omnino</em></span> 
     </span>
     <span class='ocr_line' id='line_1_7' title="bbox 216 999 1340 1076; baseline -0.002 -17"><span class='ocrx_word' id='word_1_48' title='bbox 216 1000 253 1060; x_wconf 90' lang='lat' dir='ltr'><em>de</em></span> <span class='ocrx_word' id='word_1_49' title='bbox 275 1001 371 1060; x_wconf 82' lang='lat' dir='ltr'><em>nausis</em></span> <span class='ocrx_word' id='word_1_50' title='bbox 393 1001 574 1060; x_wconf 89' lang='lat' dir='ltr'><em>naturalibus</em></span> <span class='ocrx_word' id='word_1_51' title='bbox 597 1000 756 1076; x_wconf 90' lang='lat' dir='ltr'><em>disputatio</em></span> <span class='ocrx_word' id='word_1_52' title='bbox 778 999 817 1073; x_wconf 91' lang='lat' dir='ltr'><em>fit,</em></span> <span class='ocrx_word' id='word_1_53' title='bbox 847 1003 925 1059; x_wconf 87' lang='lat' dir='ltr'><em>eerte</em></span> <span class='ocrx_word' id='word_1_54' title='bbox 947 1016 1089 1074; x_wconf 85' lang='lat' dir='ltr'>nusquam</span> <span class='ocrx_word' id='word_1_55' title='bbox 1112 999 1148 1058; x_wconf 87' lang='lat' dir='ltr'><em>de</em></span> <span class='ocrx_word' id='word_1_56' title='bbox 1171 999 1340 1074; x_wconf 83' lang='lat' dir='ltr'><em>astrologia3</em></span> 
     </span>
     <span class='ocr_line' id='line_1_8' title="bbox 216 1101 1340 1179; baseline -0.003 -18"><span class='ocrx_word' id='word_1_57' title='bbox 216 1101 322 1161; x_wconf 90' lang='lat' dir='ltr'><em>deinde</em></span> <span class='ocrx_word' id='word_1_58' title='bbox 352 1121 387 1161; x_wconf 90' lang='lat' dir='ltr'><em>ea</em></span> <span class='ocrx_word' id='word_1_59' title='bbox 415 1120 518 1179; x_wconf 89' lang='lat' dir='ltr'><em>parum</em></span> <span class='ocrx_word' id='word_1_60' title='bbox 548 1105 700 1177; x_wconf 81' lang='lat' dir='ltr'><em>eleganter</em></span> <span class='ocrx_word' id='word_1_61' title='bbox 729 1102 913 1177; x_wconf 87' lang='lat' dir='ltr'><em>agglutinata</em></span> <span class='ocrx_word' id='word_1_62' title='bbox 942 1118 1006 1160; x_wconf 86' lang='lat' dir='ltr'><em>esse</em></span> <span class='ocrx_word' id='word_1_63' title='bbox 1035 1101 1177 1161; x_wconf 78' lang='lat' dir='ltr'><strong>facillime</strong></span> <span class='ocrx_word' id='word_1_64' title='bbox 1206 1102 1340 1172; x_wconf 87' lang='lat' dir='ltr'><em>sentitur;</em></span> 
     </span>
     <span class='ocr_line' id='line_1_9' title="bbox 216 1202 1341 1280; baseline -0.001 -18"><span class='ocrx_word' id='word_1_65' title='bbox 216 1222 291 1279; x_wconf 89' lang='lat' dir='ltr'><em>quae</em></span> <span class='ocrx_word' id='word_1_66' title='bbox 321 1223 391 1264; x_wconf 86' lang='lat' dir='ltr'><em>vero</em></span> <span class='ocrx_word' id='word_1_67' title='bbox 420 1205 552 1280; x_wconf 83' lang='lat' dir='ltr'><em>proxime</em></span> <span class='ocrx_word' id='word_1_68' title='bbox 583 1204 773 1278; x_wconf 77' lang='lat' dir='ltr'><em>antecedunt,</em></span> <span class='ocrx_word' id='word_1_69' title='bbox 802 1221 866 1263; x_wconf 89' lang='lat' dir='ltr'><em>esse</em></span> <span class='ocrx_word' id='word_1_70' title='bbox 889 1222 907 1262; x_wconf 89' lang='lat' dir='ltr'><em>a</em></span> <span class='ocrx_word' id='word_1_71' title='bbox 928 1204 1068 1280; x_wconf 76' lang='lat' dir='ltr'><em>scriptore</em></span> <span class='ocrx_word' id='word_1_72' title='bbox 1090 1204 1195 1262; x_wconf 88' lang='lat' dir='ltr'><em>Latino</em></span> <span class='ocrx_word' id='word_1_73' title='bbox 1225 1202 1341 1262; x_wconf 82' lang='lat' dir='ltr'><em>adtenta</em></span> 
     </span>
     <span class='ocr_line' id='line_1_10' title="bbox 216 1305 1339 1382; baseline 0 -18"><span class='ocrx_word' id='word_1_74' title='bbox 216 1324 276 1365; x_wconf 93' lang='lat' dir='ltr'><em>non</em></span> <span class='ocrx_word' id='word_1_75' title='bbox 298 1324 370 1382; x_wconf 91' lang='lat' dir='ltr'><em>opus</em></span> <span class='ocrx_word' id='word_1_76' title='bbox 393 1310 436 1365; x_wconf 91' lang='lat' dir='ltr'><em>est</em></span> <span class='ocrx_word' id='word_1_77' title='bbox 459 1306 671 1378; x_wconf 87' lang='lat' dir='ltr'><em>demonstrare;</em></span> <span class='ocrx_word' id='word_1_78' title='bbox 694 1305 820 1381; x_wconf 88' lang='lat' dir='ltr'><em>denique</em></span> <span class='ocrx_word' id='word_1_79' title='bbox 843 1305 1076 1380; x_wconf 91' lang='lat' dir='ltr'><em>quandoquidem</em></span> <span class='ocrx_word' id='word_1_80' title='bbox 1098 1307 1250 1364; x_wconf 80' lang='lat' dir='ltr'>statuimus</span> <span class='ocrx_word' id='word_1_81' title='bbox 1272 1305 1339 1382; x_wconf 72' lang='lat'><em>§§5</em></span> 
     </span>
     <span class='ocr_line' id='line_1_11' title="bbox 217 1406 1341 1482; baseline -0.003 -15"><span class='ocrx_word' id='word_1_82' title='bbox 217 1412 246 1467; x_wconf 90' lang='lat' dir='ltr'><em>et</em></span> <span class='ocrx_word' id='word_1_83' title='bbox 269 1409 286 1465; x_wconf 90' lang='lat'><strong>6</strong></span> <span class='ocrx_word' id='word_1_84' title='bbox 310 1427 327 1466; x_wconf 91' lang='lat' dir='ltr'><em>a</em></span> <span class='ocrx_word' id='word_1_85' title='bbox 349 1408 488 1468; x_wconf 82' lang='lat' dir='ltr'><em>Oieerone</em></span> <span class='ocrx_word' id='word_1_86' title='bbox 510 1410 587 1467; x_wconf 90' lang='lat' dir='ltr'><em>ultro</em></span> <span class='ocrx_word' id='word_1_87' title='bbox 611 1407 763 1466; x_wconf 84' lang='lat' dir='ltr'><em>adiunctas</em></span> <span class='ocrx_word' id='word_1_88' title='bbox 785 1424 856 1480; x_wconf 88' lang='lat' dir='ltr'><em>esse,</em></span> <span class='ocrx_word' id='word_1_89' title='bbox 882 1406 1067 1465; x_wconf 91' lang='lat' dir='ltr'><em>manifestum</em></span> <span class='ocrx_word' id='word_1_90' title='bbox 1089 1410 1133 1465; x_wconf 88' lang='lat' dir='ltr'><em>est</em></span> <span class='ocrx_word' id='word_1_91' title='bbox 1155 1406 1286 1482; x_wconf 87' lang='lat' dir='ltr'><em>eundem,</em></span> <span class='ocrx_word' id='word_1_92' title='bbox 1308 1410 1341 1465; x_wconf 93' lang='lat' dir='ltr'><em>ut</em></span> 
     </span>
     <span class='ocr_line' id='line_1_12' title="bbox 216 1507 1339 1585; baseline 0.002 -20"><span class='ocrx_word' id='word_1_93' title='bbox 216 1509 300 1566; x_wconf 91' lang='lat' dir='ltr'><em>illam</em></span> <span class='ocrx_word' id='word_1_94' title='bbox 321 1513 434 1585; x_wconf 87' lang='lat' dir='ltr'><em>partem</em></span> <span class='ocrx_word' id='word_1_95' title='bbox 450 1527 514 1568; x_wconf 86' lang='lat' dir='ltr'><em>eum</em></span> <span class='ocrx_word' id='word_1_96' title='bbox 530 1510 634 1568; x_wconf 80' lang='lat' dir='ltr'><em>ceteris</em></span> <span class='ocrx_word' id='word_1_97' title='bbox 650 1509 741 1568; x_wconf 88' lang='lat' dir='ltr'><em>artius</em></span> <span class='ocrx_word' id='word_1_98' title='bbox 757 1512 931 1580; x_wconf 86' lang='lat' dir='ltr'><em>eoneeteret,</em></span> <span class='ocrx_word' id='word_1_99' title='bbox 954 1507 1027 1567; x_wconf 86' lang='lat' dir='ltr'><em>haee</em></span> <span class='ocrx_word' id='word_1_100' title='bbox 1042 1525 1157 1583; x_wconf 90' lang='lat' dir='ltr'><em>quoque</em></span> <span class='ocrx_word' id='word_1_101' title='bbox 1173 1509 1339 1567; x_wconf 88' lang='lat' dir='ltr'><em>intexuisse.</em></span> 
     </span>
     <span class='ocr_line' id='line_1_13' title="bbox 217 1609 1340 1685; baseline 0 -17"><span class='ocrx_word' id='word_1_102' title='bbox 217 1611 263 1668; x_wconf 89' lang='lat' dir='ltr'><em>Ne</em></span> <span class='ocrx_word' id='word_1_103' title='bbox 291 1609 322 1667; x_wconf 92' lang='lat' dir='ltr'><em>id</em></span> <span class='ocrx_word' id='word_1_104' title='bbox 351 1610 469 1684; x_wconf 91' lang='lat' dir='ltr'><em>quidem</em></span> <span class='ocrx_word' id='word_1_105' title='bbox 490 1612 645 1685; x_wconf 85' lang='lat' dir='ltr'><em>neglegas,</em></span> <span class='ocrx_word' id='word_1_106' title='bbox 675 1610 730 1669; x_wconf 86' lang='lat' dir='ltr'><em>hoe</em></span> <span class='ocrx_word' id='word_1_107' title='bbox 751 1612 820 1669; x_wconf 89' lang='lat' dir='ltr'><em>loeo</em></span> <span class='ocrx_word' id='word_1_108' title='bbox 842 1612 906 1669; x_wconf 89' lang='lat' dir='ltr'><em>solo</em></span> <span class='ocrx_word' id='word_1_109' title='bbox 929 1609 967 1668; x_wconf 89' lang='lat' dir='ltr'><em>ad</em></span> <span class='ocrx_word' id='word_1_110' title='bbox 991 1610 1170 1684; x_wconf 78' lang='lat' dir='ltr'><em>colloquium</em></span> <span class='ocrx_word' id='word_1_111' title='bbox 1193 1610 1340 1684; x_wconf 81' lang='lat' dir='ltr'><em>descendi,</em></span> 
     </span>
     <span class='ocr_line' id='line_1_14' title="bbox 217 1709 1339 1786; baseline 0.003 -19"><span class='ocrx_word' id='word_1_112' title='bbox 217 1709 306 1784; x_wconf 91' lang='lat' dir='ltr'><em>idque</em></span> <span class='ocrx_word' id='word_1_113' title='bbox 328 1711 442 1786; x_wconf 87' lang='lat' dir='ltr'><em>saepius</em></span> <span class='ocrx_word' id='word_1_114' title='bbox 465 1710 702 1784; x_wconf 84' lang='lat' dir='ltr'><em>familiariusque.</em></span> <span class='ocrx_word' id='word_1_115' title='bbox 732 1710 876 1770; x_wconf 82' lang='lat' dir='ltr'><em>Seiunetis</em></span> <span class='ocrx_word' id='word_1_116' title='bbox 898 1716 995 1769; x_wconf 89' lang='lat' dir='ltr'><em>autem</em></span> <span class='ocrx_word' id='word_1_117' title='bbox 1010 1711 1060 1783; x_wconf 89' lang='lat' dir='ltr'><em>eis,</em></span> <span class='ocrx_word' id='word_1_118' title='bbox 1083 1728 1159 1786; x_wconf 87' lang='lat' dir='ltr'><em>quae</em></span> <span class='ocrx_word' id='word_1_119' title='bbox 1174 1712 1339 1771; x_wconf 89' lang='lat' dir='ltr'><em>notavimus</em></span> 
     </span>
     <span class='ocr_line' id='line_1_15' title="bbox 217 1812 1340 1890; baseline 0.002 -20"><span class='ocrx_word' id='word_1_120' title='bbox 217 1812 360 1887; x_wconf 83' lang='lat' dir='ltr'><em>(Dttnrope</em></span> <span class='ocrx_word' id='word_1_121' title='bbox 387 1845 430 1854; x_wconf 96' lang='lat'>—</span> <span class='ocrx_word' id='word_1_122' title='bbox 457 1830 518 1871; x_wconf 84' lang='lat' dir='ltr'><em>rrorr</em></span> <span class='ocrx_word' id='word_1_123' title='bbox 544 1813 677 1887; x_wconf 84' lang='lat' dir='ltr'><em>ootebo&#39;t),</em></span> <span class='ocrx_word' id='word_1_124' title='bbox 711 1829 786 1887; x_wconf 87' lang='lat' dir='ltr'><em>quae</em></span> <span class='ocrx_word' id='word_1_125' title='bbox 818 1813 1045 1888; x_wconf 88' lang='lat' dir='ltr'><em>subsequuntur,</em></span> <span class='ocrx_word' id='word_1_126' title='bbox 1078 1812 1116 1872; x_wconf 90' lang='lat' dir='ltr'><em>ad</em></span> <span class='ocrx_word' id='word_1_127' title='bbox 1148 1813 1198 1890; x_wconf 77' lang='lat'><em>§7</em></span> <span class='ocrx_word' id='word_1_128' title='bbox 1232 1815 1340 1890; x_wconf 88' lang='lat' dir='ltr'><em>optime</em></span> 
     </span>
     <span class='ocr_line' id='line_1_16' title="bbox 218 1915 1174 1991; baseline 0.002 -18"><span class='ocrx_word' id='word_1_129' title='bbox 218 1915 371 1990; x_wconf 83' lang='lat' dir='ltr'><em>quadrant,</em></span> <span class='ocrx_word' id='word_1_130' title='bbox 392 1916 480 1974; x_wconf 93' lang='lat' dir='ltr'><em>immo</em></span> <span class='ocrx_word' id='word_1_131' title='bbox 502 1917 592 1974; x_wconf 90' lang='lat' dir='ltr'><em>multo</em></span> <span class='ocrx_word' id='word_1_132' title='bbox 615 1915 779 1991; x_wconf 85' lang='lat' dir='ltr'><em>expeditior</em></span> <span class='ocrx_word' id='word_1_133' title='bbox 800 1917 1012 1990; x_wconf 81' lang='lat' dir='ltr'><em>argumentatio</em></span> <span class='ocrx_word' id='word_1_134' title='bbox 1035 1915 1174 1975; x_wconf 87' lang='lat' dir='ltr'><em>redditur.</em></span> 
     </span>
    </p>

    <p class='ocr_par' dir='ltr' id='par_1_3' title="bbox 217 2018 1341 2298">
     <span class='ocr_line' id='line_1_17' title="bbox 302 2018 1340 2094; baseline 0.001 -18"><span class='ocrx_word' id='word_1_135' title='bbox 302 2019 348 2076; x_wconf 88' lang='lat' dir='ltr'><em>De</em></span> <span class='ocrx_word' id='word_1_136' title='bbox 370 2018 450 2077; x_wconf 84' lang='lat' dir='ltr'><em>sonte</em></span> <span class='ocrx_word' id='word_1_137' title='bbox 473 2019 568 2092; x_wconf 90' lang='lat' dir='ltr'><em>igitur,</em></span> <span class='ocrx_word' id='word_1_138' title='bbox 590 2018 667 2076; x_wconf 88' lang='lat' dir='ltr'><em>unde</em></span> <span class='ocrx_word' id='word_1_139' title='bbox 683 2018 717 2094; x_wconf 57' lang='grc' dir='ltr'><em>ἐξ</em></span> <span class='ocrx_word' id='word_1_140' title='bbox 730 2019 830 2075; x_wconf 89' lang='grc'><strong>7-11</strong></span> <span class='ocrx_word' id='word_1_141' title='bbox 849 2018 970 2077; x_wconf 86' lang='lat' dir='ltr'><em>haustae</em></span> <span class='ocrx_word' id='word_1_142' title='bbox 990 2022 1064 2092; x_wconf 90' lang='lat' dir='ltr'><em>sunt,</em></span> <span class='ocrx_word' id='word_1_143' title='bbox 1086 2018 1117 2076; x_wconf 92' lang='lat' dir='ltr'><em>id</em></span> <span class='ocrx_word' id='word_1_144' title='bbox 1133 2019 1202 2077; x_wconf 88' lang='lat' dir='ltr'><em>satis</em></span> <span class='ocrx_word' id='word_1_145' title='bbox 1218 2021 1340 2092; x_wconf 84' lang='lat' dir='ltr'><em>constat,</em></span> 
     </span>
     <span class='ocr_line' id='line_1_18' title="bbox 217 2119 1341 2197; baseline 0 -19"><span class='ocrx_word' id='word_1_146' title='bbox 217 2122 334 2178; x_wconf 90' lang='lat' dir='ltr'><em>nullum</em></span> <span class='ocrx_word' id='word_1_147' title='bbox 362 2138 424 2179; x_wconf 86' lang='lat' dir='ltr'><em>esse</em></span> <span class='ocrx_word' id='word_1_148' title='bbox 452 2120 654 2179; x_wconf 79' lang='lat' dir='ltr'><em>documentum</em></span> <span class='ocrx_word' id='word_1_149' title='bbox 681 2120 718 2178; x_wconf 91' lang='lat' dir='ltr'><em>de</em></span> <span class='ocrx_word' id='word_1_150' title='bbox 744 2121 903 2194; x_wconf 86' lang='lat' dir='ltr'><em>astrologia</em></span> <span class='ocrx_word' id='word_1_151' title='bbox 924 2121 966 2178; x_wconf 92' lang='lat' dir='ltr'><em>ibi</em></span> <span class='ocrx_word' id='word_1_152' title='bbox 988 2120 1211 2197; x_wconf 85' lang='lat' dir='ltr'><em>disputationem</em></span> <span class='ocrx_word' id='word_1_153' title='bbox 1234 2119 1341 2180; x_wconf 77' lang='lat' dir='ltr'><em>saetam</em></span> 
     </span>
     <span class='ocr_line' id='line_1_19' title="bbox 218 2221 1182 2298; baseline 0 -17"><span class='ocrx_word' id='word_1_154' title='bbox 218 2222 317 2281; x_wconf 88' lang='lat' dir='ltr'><em>fuisse.</em></span> <span class='ocrx_word' id='word_1_155' title='bbox 362 2221 439 2292; x_wconf 83' lang='lat' dir='ltr'><em>Quid</em></span> <span class='ocrx_word' id='word_1_156' title='bbox 461 2239 531 2281; x_wconf 85' lang='lat' dir='ltr'><em>vero</em></span> <span class='ocrx_word' id='word_1_157' title='bbox 554 2221 591 2279; x_wconf 94' lang='lat' dir='ltr'><em>de</em></span> <span class='ocrx_word' id='word_1_158' title='bbox 613 2221 771 2280; x_wconf 91' lang='lat' dir='ltr'><em>Posidonio</em></span> <span class='ocrx_word' id='word_1_159' title='bbox 793 2221 925 2294; x_wconf 83' lang='lat' dir='ltr'><em>iudicem,</em></span> <span class='ocrx_word' id='word_1_160' title='bbox 948 2239 1036 2298; x_wconf 91' lang='lat' dir='ltr'><em>supra</em></span> <span class='ocrx_word' id='word_1_161' title='bbox 1058 2222 1182 2281; x_wconf 90' lang='lat' dir='ltr'><em>ostendi.</em></span> 
     </span>
    </p>
   </div>
   <div class='ocr_carea' id='block_1_3' title="bbox 303 2427 1341 2504">
    <p class='ocr_par' dir='ltr' id='par_1_4' title="bbox 303 2427 1341 2504">
     <span class='ocr_line' id='line_1_20' title="bbox 303 2427 1341 2504; baseline 0 -18"><span class='ocrx_word' id='word_1_162' title='bbox 303 2428 462 2487; x_wconf 86' lang='lat' dir='ltr'><em>Alteram</em></span> <span class='ocrx_word' id='word_1_163' title='bbox 483 2428 569 2487; x_wconf 89' lang='lat' dir='ltr'><em>libri</em></span> <span class='ocrx_word' id='word_1_164' title='bbox 591 2427 631 2487; x_wconf 92' lang='lat' dir='ltr'><em>de</em></span> <span class='ocrx_word' id='word_1_165' title='bbox 654 2427 727 2488; x_wconf 82' lang='lat' dir='ltr'><em>lato</em></span> <span class='ocrx_word' id='word_1_166' title='bbox 749 2431 884 2504; x_wconf 90' lang='lat' dir='ltr'><em>partem</em></span> <span class='ocrx_word' id='word_1_167' title='bbox 907 2428 1031 2486; x_wconf 87' lang='lat' dir='ltr'>diximus</span> <span class='ocrx_word' id='word_1_168' title='bbox 1054 2448 1071 2486; x_wconf 89' lang='lat' dir='ltr'><em>a</em></span> <span class='ocrx_word' id='word_1_169' title='bbox 1094 2427 1165 2504; x_wconf 75' lang='lat'><em>§11</em></span> <span class='ocrx_word' id='word_1_170' title='bbox 1189 2445 1280 2502; x_wconf 89' lang='lat' dir='ltr'><em>usque</em></span> <span class='ocrx_word' id='word_1_171' title='bbox 1303 2427 1341 2486; x_wconf 92' lang='lat' dir='ltr'><em>ad</em></span> 
     </span>
    </p>
   </div>
   <div class='ocr_carea' id='block_1_4' title="bbox 204 2529 1342 4346">
    <p class='ocr_par' dir='ltr' id='par_1_5' title="bbox 204 2529 1342 4346">
     <span class='ocr_line' id='line_1_21' title="bbox 219 2529 1339 2606; baseline 0 -18"><span class='ocrx_word' id='word_1_172' title='bbox 219 2529 291 2606; x_wconf 71' lang='lat'><em>§20</em></span> <span class='ocrx_word' id='word_1_173' title='bbox 319 2535 434 2606; x_wconf 85' lang='lat' dir='ltr'><em>patere:</em></span> <span class='ocrx_word' id='word_1_174' title='bbox 463 2530 500 2590; x_wconf 89' lang='lat' dir='ltr'><em>de</em></span> <span class='ocrx_word' id='word_1_175' title='bbox 522 2530 578 2589; x_wconf 89' lang='lat' dir='ltr'><em>hae</em></span> <span class='ocrx_word' id='word_1_176' title='bbox 601 2535 681 2589; x_wconf 82' lang='lat' dir='ltr'><em>emta</em></span> <span class='ocrx_word' id='word_1_177' title='bbox 703 2531 879 2589; x_wconf 81' lang='lat' dir='ltr'><em>constituere</em></span> <span class='ocrx_word' id='word_1_178' title='bbox 902 2533 993 2590; x_wconf 90' lang='lat' dir='ltr'><em>multo</em></span> <span class='ocrx_word' id='word_1_179' title='bbox 1015 2533 1060 2588; x_wconf 90' lang='lat' dir='ltr'><em>est</em></span> <span class='ocrx_word' id='word_1_180' title='bbox 1082 2529 1242 2589; x_wconf 81' lang='lat' dir='ltr'><em>difficilius:</em></span> <span class='ocrx_word' id='word_1_181' title='bbox 1273 2548 1339 2588; x_wconf 89' lang='lat' dir='ltr'><em>nam</em></span> 
     </span>
     <span class='ocr_line' id='line_1_22' title="bbox 219 2634 1340 2708; baseline 0 -18"><span class='ocrx_word' id='word_1_182' title='bbox 219 2650 392 2708; x_wconf 90' lang='lat' dir='ltr'><em>quamquam</em></span> <span class='ocrx_word' id='word_1_183' title='bbox 428 2634 581 2707; x_wconf 88' lang='lat' dir='ltr'><em>iniquitate</em></span> <span class='ocrx_word' id='word_1_184' title='bbox 616 2636 777 2708; x_wconf 86' lang='lat' dir='ltr'><em>temporum</em></span> <span class='ocrx_word' id='word_1_185' title='bbox 814 2635 896 2691; x_wconf 88' lang='lat' dir='ltr'><em>laesa</em></span> <span class='ocrx_word' id='word_1_186' title='bbox 932 2651 992 2691; x_wconf 92' lang='lat' dir='ltr'><em>non</em></span> <span class='ocrx_word' id='word_1_187' title='bbox 1024 2637 1081 2705; x_wconf 88' lang='lat' dir='ltr'><em>est,</em></span> <span class='ocrx_word' id='word_1_188' title='bbox 1116 2635 1215 2692; x_wconf 87' lang='lat' dir='ltr'><em>tamen</em></span> <span class='ocrx_word' id='word_1_189' title='bbox 1245 2650 1340 2708; x_wconf 91' lang='lat' dir='ltr'><em>paene</em></span> 
     </span>
     <span class='ocr_line' id='line_1_23' title="bbox 218 2733 1340 2811; baseline 0 -19"><span class='ocrx_word' id='word_1_190' title='bbox 218 2736 382 2810; x_wconf 88' lang='lat' dir='ltr'><em>graviorem</em></span> <span class='ocrx_word' id='word_1_191' title='bbox 404 2752 545 2811; x_wconf 88' lang='lat' dir='ltr'><em>perpessa</em></span> <span class='ocrx_word' id='word_1_192' title='bbox 567 2738 610 2793; x_wconf 91' lang='lat' dir='ltr'><em>est</em></span> <span class='ocrx_word' id='word_1_193' title='bbox 632 2736 842 2794; x_wconf 77' lang='lat' dir='ltr'><em>calamitatem:</em></span> <span class='ocrx_word' id='word_1_194' title='bbox 866 2753 938 2806; x_wconf 89' lang='lat' dir='ltr'><em>eum,</em></span> <span class='ocrx_word' id='word_1_195' title='bbox 961 2735 1011 2808; x_wconf 91' lang='lat' dir='ltr'><em>qui</em></span> <span class='ocrx_word' id='word_1_196' title='bbox 1025 2733 1153 2811; x_wconf 88' lang='lat' dir='ltr'><em>tradidit,</em></span> <span class='ocrx_word' id='word_1_197' title='bbox 1173 2736 1266 2810; x_wconf 92' lang='lat' dir='ltr'><em>ipsum</em></span> <span class='ocrx_word' id='word_1_198' title='bbox 1281 2753 1340 2793; x_wconf 92' lang='lat' dir='ltr'><em>non</em></span> 
     </span>
     <span class='ocr_line' id='line_1_24' title="bbox 219 2835 1340 2913; baseline 0 -18"><span class='ocrx_word' id='word_1_199' title='bbox 219 2837 416 2913; x_wconf 80' lang='lat' dir='ltr'><em>perspexisse,</em></span> <span class='ocrx_word' id='word_1_200' title='bbox 439 2854 514 2910; x_wconf 87' lang='lat' dir='ltr'><em>quae</em></span> <span class='ocrx_word' id='word_1_201' title='bbox 536 2836 663 2910; x_wconf 87' lang='lat' dir='ltr'><em>tradidit,</em></span> <span class='ocrx_word' id='word_1_202' title='bbox 686 2854 753 2895; x_wconf 92' lang='lat' dir='ltr'><em>mox</em></span> <span class='ocrx_word' id='word_1_203' title='bbox 776 2837 936 2912; x_wconf 88' lang='lat' dir='ltr'><em>apparebit.</em></span> <span class='ocrx_word' id='word_1_204' title='bbox 980 2835 1081 2896; x_wconf 79' lang='lat' dir='ltr'><em>Cicero</em></span> <span class='ocrx_word' id='word_1_205' title='bbox 1104 2835 1255 2895; x_wconf 80' lang='lat' dir='ltr'><em>confitetur</em></span> <span class='ocrx_word' id='word_1_206' title='bbox 1276 2837 1340 2910; x_wconf 83' lang='lat' dir='ltr'><em>ipse</em></span> 
     </span>
     <span class='ocr_line' id='line_1_25' title="bbox 220 2935 1342 3018; baseline 0 -22"><span class='ocrx_word' id='word_1_207' title='bbox 220 2939 372 2997; x_wconf 81' lang='lat' dir='ltr'><em>obsoeroru</em></span> <span class='ocrx_word' id='word_1_208' title='bbox 395 2956 455 2998; x_wconf 86' lang='lat' dir='ltr'><em>esse</em></span> <span class='ocrx_word' id='word_1_209' title='bbox 477 2938 554 2997; x_wconf 88' lang='lat' dir='ltr'><em>bano</em></span> <span class='ocrx_word' id='word_1_210' title='bbox 577 2941 784 3011; x_wconf 79' lang='lat' dir='ltr'><em>quaestionem,</em></span> <span class='ocrx_word' id='word_1_211' title='bbox 807 2956 897 3011; x_wconf 82' lang='lat' dir='ltr'><em>quarn</em></span> <span class='ocrx_word' id='word_1_212' title='bbox 912 2935 988 3018; x_wconf 78' lang='lat' dir='ltr'><em>aspi</em></span> <span class='ocrx_word' id='word_1_213' title='bbox 1006 2935 1161 2999; x_wconf 92' lang='grc' dir='ltr'><em>δυνατῶν</em></span> <span class='ocrx_word' id='word_1_214' title='bbox 1170 2939 1342 3012; x_wconf 79' lang='lat' dir='ltr'><em>philosophi</em></span> 
     </span>
     <span class='ocr_line' id='line_1_26' title="bbox 220 3033 1340 3121; baseline 0.001 -26"><span class='ocrx_word' id='word_1_215' title='bbox 220 3039 370 3111; x_wconf 82' lang='lat' dir='ltr'><em>oppetterat</em></span> <span class='ocrx_word' id='word_1_216' title='bbox 390 3040 479 3113; x_wconf 67' lang='grc' dir='ltr'>(ξ1);</span> <span class='ocrx_word' id='word_1_217' title='bbox 507 3040 603 3114; x_wconf 89' lang='lat' dir='ltr'><em>pergit</em></span> <span class='ocrx_word' id='word_1_218' title='bbox 634 3039 735 3098; x_wconf 86' lang='lat' dir='ltr'><em>eodem</em></span> <span class='ocrx_word' id='word_1_219' title='bbox 765 3041 845 3098; x_wconf 90' lang='lat' dir='ltr'><em>loeo:</em></span> <span class='ocrx_word' id='word_1_220' title='bbox 877 3043 996 3112; x_wconf 80' lang='lat' dir='ltr'><em>totoque</em></span> <span class='ocrx_word' id='word_1_221' title='bbox 1027 3044 1071 3099; x_wconf 86' lang='lat' dir='ltr'><em>est</em></span> <span class='ocrx_word' id='word_1_222' title='bbox 1092 3033 1221 3121; x_wconf 80' lang='grc' dir='ltr'><em>λογική,</em></span> <span class='ocrx_word' id='word_1_223' title='bbox 1253 3057 1340 3112; x_wconf 81' lang='lat' dir='ltr'><em>quoru</em></span> 
     </span>
     <span class='ocr_line' id='line_1_27' title="bbox 219 3139 1340 3216; baseline 0.002 -19"><span class='ocrx_word' id='word_1_224' title='bbox 219 3142 363 3198; x_wconf 83' lang='lat' dir='ltr'><em>rottorrenr</em></span> <span class='ocrx_word' id='word_1_225' title='bbox 397 3140 558 3199; x_wconf 81' lang='lat' dir='ltr'><em>disserendi</em></span> <span class='ocrx_word' id='word_1_226' title='bbox 589 3158 667 3199; x_wconf 90' lang='lat' dir='ltr'><em>ooeo.</em></span> <span class='ocrx_word' id='word_1_227' title='bbox 722 3141 872 3200; x_wconf 85' lang='lat' dir='ltr'><em>Oondueet</em></span> <span class='ocrx_word' id='word_1_228' title='bbox 908 3141 1076 3199; x_wconf 90' lang='lat' dir='ltr'><em>memoriam</em></span> <span class='ocrx_word' id='word_1_229' title='bbox 1113 3139 1214 3199; x_wconf 91' lang='lat' dir='ltr'><em>horum</em></span> <span class='ocrx_word' id='word_1_230' title='bbox 1250 3141 1340 3216; x_wconf 90' lang='lat' dir='ltr'><em>ipsius</em></span> 
     </span>
     <span class='ocr_line' id='line_1_28' title="bbox 219 3241 1341 3317; baseline 0 -17"><span class='ocrx_word' id='word_1_231' title='bbox 219 3243 373 3301; x_wconf 86' lang='lat' dir='ltr'><em>verborum</em></span> <span class='ocrx_word' id='word_1_232' title='bbox 395 3243 530 3303; x_wconf 85' lang='lat' dir='ltr'><em>retinere.</em></span> <span class='ocrx_word' id='word_1_233' title='bbox 566 3243 665 3317; x_wconf 89' lang='lat' dir='ltr'><em>Atque</em></span> <span class='ocrx_word' id='word_1_234' title='bbox 688 3242 718 3300; x_wconf 92' lang='lat' dir='ltr'><em>id</em></span> <span class='ocrx_word' id='word_1_235' title='bbox 741 3241 857 3316; x_wconf 92' lang='lat' dir='ltr'><em>quidem</em></span> <span class='ocrx_word' id='word_1_236' title='bbox 872 3241 962 3301; x_wconf 76' lang='lat' dir='ltr'><em>facile</em></span> <span class='ocrx_word' id='word_1_237' title='bbox 978 3241 1163 3316; x_wconf 82' lang='lat' dir='ltr'><em>concedatur,</em></span> <span class='ocrx_word' id='word_1_238' title='bbox 1186 3241 1341 3300; x_wconf 91' lang='lat' dir='ltr'><em>dummodo</em></span> 
     </span>
     <span class='ocr_line' id='line_1_29' title="bbox 219 3343 1341 3420; baseline 0.001 -19"><span class='ocrx_word' id='word_1_239' title='bbox 219 3363 278 3403; x_wconf 90' lang='lat' dir='ltr'><em>non</em></span> <span class='ocrx_word' id='word_1_240' title='bbox 307 3362 344 3403; x_wconf 88' lang='lat' dir='ltr'><em>ex</em></span> <span class='ocrx_word' id='word_1_241' title='bbox 371 3344 472 3420; x_wconf 91' lang='lat' dir='ltr'><em>primis</em></span> <span class='ocrx_word' id='word_1_242' title='bbox 502 3344 665 3420; x_wconf 72' lang='lat' dir='ltr'><em>vocabulis,</em></span> <span class='ocrx_word' id='word_1_243' title='bbox 699 3344 770 3418; x_wconf 92' lang='lat' dir='ltr'><em>quid</em></span> <span class='ocrx_word' id='word_1_244' title='bbox 799 3343 873 3402; x_wconf 87' lang='lat' dir='ltr'><em>haee</em></span> <span class='ocrx_word' id='word_1_245' title='bbox 901 3361 970 3420; x_wconf 89' lang='lat' dir='ltr'><em>pars</em></span> <span class='ocrx_word' id='word_1_246' title='bbox 1000 3344 1056 3403; x_wconf 91' lang='lat' dir='ltr'><em>sibi</em></span> <span class='ocrx_word' id='word_1_247' title='bbox 1086 3344 1170 3416; x_wconf 89' lang='lat' dir='ltr'><em>velit,</em></span> <span class='ocrx_word' id='word_1_248' title='bbox 1200 3344 1341 3419; x_wconf 85' lang='lat' dir='ltr'><em>indagare</em></span> 
     </span>
     <span class='ocr_line' id='line_1_30' title="bbox 220 3433 1341 3521; baseline 0 -17"><span class='ocrx_word' id='word_1_249' title='bbox 220 3463 365 3520; x_wconf 81' lang='lat' dir='ltr'><em>conemur,</em></span> <span class='ocrx_word' id='word_1_250' title='bbox 387 3465 447 3505; x_wconf 90' lang='lat' dir='ltr'><em>non</em></span> <span class='ocrx_word' id='word_1_251' title='bbox 470 3433 709 3505; x_wconf 59' lang='lat' dir='ltr'><em>de&#39;divinatione</em></span> <span class='ocrx_word' id='word_1_252' title='bbox 730 3447 794 3521; x_wconf 88' lang='lat' dir='ltr'><em>ipsa</em></span> <span class='ocrx_word' id='word_1_253' title='bbox 814 3445 916 3505; x_wconf 88' lang='lat' dir='ltr'><em>haberi</em></span> <span class='ocrx_word' id='word_1_254' title='bbox 931 3446 1195 3520; x_wconf 85' lang='lat' dir='ltr'><em>interrogationem,</em></span> <span class='ocrx_word' id='word_1_255' title='bbox 1217 3446 1247 3505; x_wconf 90' lang='lat' dir='ltr'><em>id</em></span> <span class='ocrx_word' id='word_1_256' title='bbox 1263 3444 1341 3521; x_wconf 91' lang='lat' dir='ltr'><em>quod</em></span> 
     </span>
     <span class='ocr_line' id='line_1_31' title="bbox 218 3547 1341 3625; baseline 0 -19"><span class='ocrx_word' id='word_1_257' title='bbox 218 3549 274 3606; x_wconf 90' lang='lat' dir='ltr'><em>illa</em></span> <span class='ocrx_word' id='word_1_258' title='bbox 295 3549 431 3608; x_wconf 87' lang='lat' dir='ltr'><em>videntur</em></span> <span class='ocrx_word' id='word_1_259' title='bbox 452 3547 628 3624; x_wconf 77' lang='lat' dir='ltr'><em>significare,</em></span> <span class='ocrx_word' id='word_1_260' title='bbox 658 3567 753 3625; x_wconf 90' lang='lat' dir='ltr'><em>neque</em></span> <span class='ocrx_word' id='word_1_261' title='bbox 776 3548 812 3606; x_wconf 84' lang='lat' dir='ltr'><em>de</em></span> <span class='ocrx_word' id='word_1_262' title='bbox 835 3549 865 3606; x_wconf 91' lang='lat' dir='ltr'><em>vi</em></span> <span class='ocrx_word' id='word_1_263' title='bbox 887 3549 1125 3608; x_wconf 77' lang='lat' dir='ltr'><em>vaticinationum</em></span> <span class='ocrx_word' id='word_1_264' title='bbox 1149 3551 1198 3607; x_wconf 93' lang='lat' dir='ltr'><em>aut</em></span> <span class='ocrx_word' id='word_1_265' title='bbox 1220 3548 1257 3607; x_wconf 93' lang='lat' dir='ltr'><em>de</em></span> <span class='ocrx_word' id='word_1_266' title='bbox 1279 3551 1341 3606; x_wconf 88' lang='lat' dir='ltr'><em>arte</em></span> 
     </span>
     <span class='ocr_line' id='line_1_32' title="bbox 220 3650 1341 3726; baseline 0 -19"><span class='ocrx_word' id='word_1_267' title='bbox 220 3652 439 3725; x_wconf 87' lang='lat' dir='ltr'><em>astrologorum,</em></span> <span class='ocrx_word' id='word_1_268' title='bbox 462 3651 513 3710; x_wconf 91' lang='lat' dir='ltr'><em>sed</em></span> <span class='ocrx_word' id='word_1_269' title='bbox 536 3651 609 3710; x_wconf 86' lang='lat' dir='ltr'><em>haee</em></span> <span class='ocrx_word' id='word_1_270' title='bbox 630 3652 748 3709; x_wconf 91' lang='lat' dir='ltr'><em>nomina</em></span> <span class='ocrx_word' id='word_1_271' title='bbox 770 3650 866 3709; x_wconf 88' lang='lat' dir='ltr'><em>omnia</em></span> <span class='ocrx_word' id='word_1_272' title='bbox 888 3650 1016 3709; x_wconf 91' lang='lat' dir='ltr'><em>breviter</em></span> <span class='ocrx_word' id='word_1_273' title='bbox 1037 3651 1118 3725; x_wconf 91' lang='lat' dir='ltr'><em>tangi</em></span> <span class='ocrx_word' id='word_1_274' title='bbox 1138 3653 1166 3709; x_wconf 89' lang='lat' dir='ltr'><em>et</em></span> <span class='ocrx_word' id='word_1_275' title='bbox 1180 3650 1341 3726; x_wconf 89' lang='lat' dir='ltr'><em>praeteriri,</em></span> 
     </span>
     <span class='ocr_line' id='line_1_33' title="bbox 221 3751 1340 3829; baseline 0.001 -21"><span class='ocrx_word' id='word_1_276' title='bbox 221 3755 299 3809; x_wconf 83' lang='lat' dir='ltr'><em>nerle</em></span> <span class='ocrx_word' id='word_1_277' title='bbox 321 3769 380 3810; x_wconf 92' lang='lat' dir='ltr'><em>non</em></span> <span class='ocrx_word' id='word_1_278' title='bbox 401 3753 465 3829; x_wconf 89' lang='lat' dir='ltr'><em>ipsa</em></span> <span class='ocrx_word' id='word_1_279' title='bbox 486 3754 619 3812; x_wconf 78' lang='lat' dir='ltr'><em>tractari:</em></span> <span class='ocrx_word' id='word_1_280' title='bbox 641 3771 673 3811; x_wconf 90' lang='lat' dir='ltr'><em>re</em></span> <span class='ocrx_word' id='word_1_281' title='bbox 695 3770 766 3810; x_wconf 86' lang='lat' dir='ltr'><em>vera</em></span> <span class='ocrx_word' id='word_1_282' title='bbox 789 3752 825 3811; x_wconf 90' lang='lat' dir='ltr'><em>de</em></span> <span class='ocrx_word' id='word_1_283' title='bbox 847 3753 903 3810; x_wconf 89' lang='lat' dir='ltr'><em>illa</em></span> <span class='ocrx_word' id='word_1_284' title='bbox 919 3751 1076 3828; x_wconf 80' lang='lat' dir='ltr'><em>Chrysippi</em></span> <span class='ocrx_word' id='word_1_285' title='bbox 1091 3756 1120 3811; x_wconf 90' lang='lat' dir='ltr'><em>et</em></span> <span class='ocrx_word' id='word_1_286' title='bbox 1134 3752 1257 3812; x_wconf 90' lang='lat' dir='ltr'><em>Diodori</em></span> <span class='ocrx_word' id='word_1_287' title='bbox 1272 3768 1340 3810; x_wconf 86' lang='lat' dir='ltr'><em>eon·</em></span> 
     </span>
     <span class='ocr_line' id='line_1_34' title="bbox 220 3850 1340 3933; baseline 0.002 -24"><span class='ocrx_word' id='word_1_288' title='bbox 220 3853 349 3911; x_wconf 91' lang='lat' dir='ltr'><em>tentione</em></span> <span class='ocrx_word' id='word_1_289' title='bbox 371 3850 448 3933; x_wconf 82' lang='grc' dir='ltr'><em>περὶ</em></span> <span class='ocrx_word' id='word_1_290' title='bbox 471 3851 628 3915; x_wconf 78' lang='grc' dir='ltr'><em>δυνατῶν</em></span> <span class='ocrx_word' id='word_1_291' title='bbox 650 3856 699 3929; x_wconf 85' lang='lat' dir='ltr'><em>agi</em></span> <span class='ocrx_word' id='word_1_292' title='bbox 720 3872 788 3912; x_wconf 88' lang='lat' dir='ltr'><em>mox</em></span> <span class='ocrx_word' id='word_1_293' title='bbox 810 3871 847 3912; x_wconf 92' lang='lat' dir='ltr'><em>ex</em></span> <span class='ocrx_word' id='word_1_294' title='bbox 862 3854 878 3930; x_wconf 57' lang='grc' dir='ltr'>ᾗ</span> <span class='ocrx_word' id='word_1_295' title='bbox 893 3855 930 3911; x_wconf 87' lang='grc'><em>17</em></span> <span class='ocrx_word' id='word_1_296' title='bbox 946 3855 1138 3929; x_wconf 87' lang='lat' dir='ltr'><em>eognosoitur,</em></span> <span class='ocrx_word' id='word_1_297' title='bbox 1160 3855 1210 3913; x_wconf 93' lang='lat' dir='ltr'><em>ubi</em></span> <span class='ocrx_word' id='word_1_298' title='bbox 1225 3854 1340 3913; x_wconf 87' lang='lat' dir='ltr'><em>dieitur:</em></span> 
     </span>
     <span class='ocr_line' id='line_1_35' title="bbox 220 3952 1342 4036; baseline 0.002 -23"><span class='ocrx_word' id='word_1_299' title='bbox 220 3952 281 4013; x_wconf 81' lang='lat' dir='ltr'><em>Sed</em></span> <span class='ocrx_word' id='word_1_300' title='bbox 306 3955 351 4011; x_wconf 86' lang='lat' dir='ltr'><em>oet</em></span> <span class='ocrx_word' id='word_1_301' title='bbox 375 3955 478 4013; x_wconf 84' lang='lat' dir='ltr'><em>ittera</em></span> <span class='ocrx_word' id='word_1_302' title='bbox 503 3956 657 4015; x_wconf 86' lang='lat' dir='ltr'><em>Dtootort</em></span> <span class='ocrx_word' id='word_1_303' title='bbox 683 3957 953 4026; x_wconf 75' lang='lat' dir='ltr'><em>contentionem,</em></span> <span class='ocrx_word' id='word_1_304' title='bbox 977 3973 1066 4029; x_wconf 81' lang='lat' dir='ltr'><em>quom</em></span> <span class='ocrx_word' id='word_1_305' title='bbox 1086 3953 1164 4036; x_wconf 81' lang='lat' dir='ltr'><em>arpi</em></span> <span class='ocrx_word' id='word_1_306' title='bbox 1187 3953 1342 4017; x_wconf 77' lang='grc' dir='ltr'><em>δυνατῶν</em></span> 
     </span>
     <span class='ocr_line' id='line_1_36' title="bbox 222 4056 1342 4132; baseline 0.003 -19"><span class='ocrx_word' id='word_1_307' title='bbox 222 4056 383 4128; x_wconf 80' lang='lat' dir='ltr'><em>oppetierat,</em></span> <span class='ocrx_word' id='word_1_308' title='bbox 405 4060 637 4116; x_wconf 81' lang='lat' dir='ltr'><em>reuertamur:</em></span> <span class='ocrx_word' id='word_1_309' title='bbox 660 4075 744 4131; x_wconf 80' lang='lat' dir='ltr'><em>qoem</em></span> <span class='ocrx_word' id='word_1_310' title='bbox 768 4058 861 4116; x_wconf 83' lang='lat' dir='ltr'><em>toerorro</em></span> <span class='ocrx_word' id='word_1_311' title='bbox 884 4058 961 4116; x_wconf 84' lang='lat' dir='ltr'><em>borae</em></span> <span class='ocrx_word' id='word_1_312' title='bbox 984 4060 1183 4131; x_wconf 82' lang='lat' dir='ltr'><em>quaestionem</em></span> <span class='ocrx_word' id='word_1_313' title='bbox 1198 4059 1342 4132; x_wconf 83' lang='lat' dir='ltr'><em>otttnpere</em></span> 
     </span>
     <span class='ocr_line' id='line_1_37' title="bbox 204 4157 1342 4237; baseline 0.004 -23"><span class='ocrx_word' id='word_1_314' title='bbox 204 4158 248 4235; x_wconf 47' lang='grc' dir='ltr'><em>(ᾗ</em></span> <span class='ocrx_word' id='word_1_315' title='bbox 262 4157 315 4236; x_wconf 85' lang='grc'><em>17)</em></span> <span class='ocrx_word' id='word_1_316' title='bbox 337 4162 438 4217; x_wconf 86' lang='lat' dir='ltr'><em>auetor</em></span> <span class='ocrx_word' id='word_1_317' title='bbox 459 4159 529 4217; x_wconf 89' lang='lat' dir='ltr'><em>libri</em></span> <span class='ocrx_word' id='word_1_318' title='bbox 550 4160 670 4232; x_wconf 82' lang='lat' dir='ltr'><em>sensuit,</em></span> <span class='ocrx_word' id='word_1_319' title='bbox 693 4178 750 4234; x_wconf 91' lang='lat' dir='ltr'><em>quo</em></span> <span class='ocrx_word' id='word_1_320' title='bbox 766 4160 868 4220; x_wconf 84' lang='lat' dir='ltr'><em>Gieero</em></span> <span class='ocrx_word' id='word_1_321' title='bbox 889 4177 958 4219; x_wconf 90' lang='lat' dir='ltr'><em>usus</em></span> <span class='ocrx_word' id='word_1_322' title='bbox 975 4163 1031 4219; x_wconf 88' lang='lat' dir='ltr'><em>est:</em></span> <span class='ocrx_word' id='word_1_323' title='bbox 1053 4179 1157 4237; x_wconf 89' lang='lat' dir='ltr'><em>nempe</em></span> <span class='ocrx_word' id='word_1_324' title='bbox 1173 4160 1342 4221; x_wconf 78' lang='lat' dir='ltr'><em>(tiemonem</em></span> 
     </span>
     <span class='ocr_line' id='line_1_38' title="bbox 219 4260 1342 4346; baseline 0.004 -28"><span class='ocrx_word' id='word_1_325' title='bbox 219 4261 314 4336; x_wconf 91' lang='lat' dir='ltr'><em>ipsum</em></span> <span class='ocrx_word' id='word_1_326' title='bbox 346 4260 424 4320; x_wconf 85' lang='lat' dir='ltr'><em>hune</em></span> <span class='ocrx_word' id='word_1_327' title='bbox 458 4262 556 4320; x_wconf 86' lang='lat' dir='ltr'><em>loeum</em></span> <span class='ocrx_word' id='word_1_328' title='bbox 588 4262 719 4346; x_wconf 88' lang='lat' dir='ltr'><em>attulisse</em></span> <span class='ocrx_word' id='word_1_329' title='bbox 751 4261 834 4320; x_wconf 86' lang='lat' dir='ltr'><em>brevi</em></span> <span class='ocrx_word' id='word_1_330' title='bbox 866 4279 952 4321; x_wconf 89' lang='lat' dir='ltr'><em>nemo</em></span> <span class='ocrx_word' id='word_1_331' title='bbox 984 4263 1157 4338; x_wconf 87' lang='lat' dir='ltr'><em>opinabitur.</em></span> <span class='ocrx_word' id='word_1_332' title='bbox 1208 4263 1240 4324; x_wconf 83' lang='lat' dir='ltr'><em>si</em></span> <span class='ocrx_word' id='word_1_333' title='bbox 1271 4280 1342 4323; x_wconf 85' lang='lat' dir='ltr'><em>vero</em></span> 
     </span>
    </p>
   </div>
   <div class='ocr_carea' id='block_1_5' title="bbox 0 0 1569 4972">
    <p class='ocr_par' dir='ltr' id='par_1_6' title="bbox 0 0 1569 4972">
     <span class='ocr_line' id='line_1_39' title="bbox 0 0 1569 4972; baseline 0 0"><span class='ocrx_word' id='word_1_334' title='bbox 0 0 1569 4972; x_wconf 95' lang='lat' dir='ltr'><em> </em></span> 
     </span>
    </p>
   </div>
  </div>
 </body>
</html>
