3120 4972
1297 358 1335 422 al

216 528 400 605 perspexit1)
436 528 570 603 Denique
593 527 642 588 hic
664 529 825 605 reperimus
847 531 930 588 illam
946 529 1103 607 Chrysippi
1124 530 1339 606 allocutionem,
1431 570 1433 574 ι

217 650 304 707 quam
333 648 474 706 nusquam
504 632 561 690 nisi
588 633 619 689 in
648 632 721 708 §12
751 632 913 691 invenimus
940 635 969 691 et
995 651 1013 690 a
1035 633 1174 694 Cicerone
1196 633 1339 693 adiectam

217 750 280 792 esse
311 732 580 792 demonstravimus.
631 733 763 792 Eandem
791 752 862 793 vero
891 735 1034 793 rationem
1063 734 1097 811 ἓξ
1112 736 1238 794 27-28
1267 754 1338 812 prae

216 854 248 895 se
275 836 383 895 ferunt:
410 851 470 893 non
497 854 576 895 more
598 835 838 912 philosophorum
861 836 1075 896 demonstratur
1097 840 1125 896 et
1148 838 1339 912 concluditur,

216 937 267 997 sed
295 939 417 997 oratoris
439 939 496 997 ritu
517 938 724 1014 interrogatur,
755 941 783 998 et
805 939 859 1013 sic,
887 942 918 997 ut
939 957 998 998 non
1019 939 1242 1015 respondeatur,
1269 959 1339 1000 sane

216 1040 284 1114 quia
306 1041 389 1116 pueri
411 1044 488 1099 osset
505 1040 693 1117 respondere,
715 1058 775 1099 non
789 1040 966 1117 philosophi.
1003 1041 1206 1121 Compluribus
1220 1043 1339 1103 tandem

215 1143 283 1220 §28
307 1142 523 1210 offensionibus,
545 1143 595 1201 ubi
616 1143 747 1219 inprimis
769 1161 876 1218 magna
897 1142 1054 1203 difficultas
1076 1148 1128 1213 est,
1151 1147 1339 1220 quaeratione

215 1247 305 1305 verba
327 1245 390 1304 Neo
411 1262 466 1304 iios
487 1247 625 1319 impediet
727 1263 791 1304 cum
814 1249 897 1320 parte
919 1247 1112 1305 antecedente
1134 1247 1340 1323 coniungenda

216 1349 280 1421 sint,
302 1348 435 1407 Stuevius
458 1347 569 1407 studuit
591 1347 709 1408 mederi.
751 1349 855 1422 Neque
878 1365 947 1406 vero
971 1349 1031 1407 eius
1053 1350 1183 1425 parvulis
1205 1349 1339 1409 remediis

216 1450 262 1509 his
289 1448 509 1508 difficultatibus
531 1450 600 1508 satis
622 1449 771 1508 subveniri
793 1466 879 1525 posse
902 1449 1038 1517 arbitror,
1066 1449 1132 1524 sed,
1158 1450 1339 1510 utbreviter

216 1553 319 1624 dicam,
341 1550 414 1611 haec
431 1552 529 1610 omnia
544 1553 628 1626 signa
643 1555 710 1610 sunt
731 1554 765 1624 ἓξ
782 1553 907 1610 26-28
930 1571 948 1610 1
970 1552 1140 1613 Cicerone
1163 1553 1239 1629 ipso
1262 1569 1338 1612 esse

216 1653 428 1713 elaboratas.

300 1757 364 1815 Hoc
391 1760 422 1815 ut
448 1756 572 1816 iudicem
597 1774 656 1814 nou
682 1760 741 1814 tam
769 1757 974 1816 offensionibus
999 1757 1084 1817 modo
1107 1759 1338 1818 commemoratis

216 1858 345 1918 adducor
367 1877 453 1934 quam
476 1858 663 1917 similitudine
685 1858 769 1917 huius
791 1859 851 1918 loci
874 1877 938 1918 cum
961 1859 994 1936 ἐξ
1015 1860 1145 1918 17-20,
1173 1861 1250 1919 Nam
1273 1878 1338 1919 oum

216 1979 289 2037 opus
312 1965 388 2020 esset
410 1960 535 2020 adhaec
550 1960 754 2036 perspicienda
769 1964 798 2019 et
812 1960 1033 2036 interpretanda
1047 1962 1121 2020 alios
1136 1961 1232 2020 libelli
1247 1963 1339 2021 nost-ri

216 2065 299 2122 locos
326 2062 470 2135 conferre,
499 2064 568 2120 illas
591 2063 716 2121 maxime
740 2063 824 2139 coepi
846 2081 911 2121 cum
933 2063 1038 2123 nostris
1061 2081 1230 2138 comparare
1252 2083 1336 2139 para-

215 2164 342 2240 graphis.
378 2166 424 2223 lta
445 2182 605 2240 permagna
627 2164 698 2222 mihi
719 2166 845 2222 occurrit
867 2164 1023 2223 similitudo
1046 2166 1095 2222 vel
1114 2166 1196 2239 quasi
1212 2164 1338 2224 affinitas

215 2268 364 2340 utriusque
393 2267 464 2325 loci:
493 2267 636 2340 utrimque
667 2267 697 2324 in
723 2267 815 2341 primo
841 2268 977 2341 exemplo
1000 2267 1143 2342 Scipionis
1165 2285 1338 2327 1111111111-

215 2369 338 2445 peritur;
368 2367 556 2442 respondent:
586 2370 683 2426 ueniet
709 2370 741 2426 iii
770 2373 905 2427 secutum
933 2365 1005 2427 Cato
1035 2371 1064 2426 et
1094 2369 1277 2443 descendeffl)
1306 2371 1339 2428 im

215 2469 411 2529 Academiam
442 2467 620 2541 Carneades,
654 2471 724 2544 quin
754 2470 840 2528 etiam
869 2473 993 2528 totarum
1022 2469 1206 2544 periodorum
1236 2470 1338 2529 eadem

217 2577 260 2633 est
283 2573 467 2643 constructio,
489 2573 523 2651 ἓξ
541 2574 676 2632 18-20;
702 2589 776 2642 meo,
800 2590 872 2631 cum
894 2573 966 2631 hoec
986 2574 1030 2631 itu
1052 2574 1120 2643 siut,
1144 2576 1196 2632 est
1217 2590 1337 2643 ceusu,

217 2694 277 2735 our
297 2675 446 2750 Fmicums
467 2676 582 2749 fatum
606 2677 812 2734 extimescat
907 2672 1002 2754 meod)
1024 2676 1058 2749 ii,
1082 2676 1133 2747 qui
1154 2675 1256 2733 dicum
1275 2677 1337 2733 im-

215 2779 407 2838 mutabilia
434 2795 506 2848 esse,
534 2795 608 2850 quae
633 2778 740 2850 sutum
765 2779 827 2836 siut
847 2821 853 2834 .
870 2821 899 2835 ..
921 2777 982 2850 foti
1007 2778 1207 2836 necessitatem
1234 2777 1337 2849 comfir-

215 2887 301 2941 mumt
424 2883 509 2954 §282
538 2897 612 2950 mec,
642 2882 673 2939 si
702 2896 785 2938 omme
816 2881 999 2938 enuntiatum
1105 2881 1236 2952 sequitur
1256 2879 1337 2938 illico

218 3001 278 3042 esse
300 3001 407 3042 causus
428 2983 667 3042 immutabiles
750 2999 811 3041 mec
834 2983 872 3040 oh
896 2999 968 3040 eum
991 2998 1134 3040 cumeum
1155 2982 1270 3055 fetum
1286 2986 1340 3040 aut

216 3088 378 3145 necessitas,
398 3085 656 3144 extimescenda
679 3089 728 3143 est.
765 3083 833 3142 Sine
856 3084 943 3141 dubio
965 3101 1024 3142 non
1040 3100 1108 3142 casu
1124 3082 1237 3156 accidit,
1259 3083 1338 3159 quod

216 3191 333 3263 praeter·
369 3189 458 3245 totam
492 3189 665 3244 structuram
698 3186 784 3244 etiam
816 3185 933 3258 singula
965 3185 1148 3243 consentiunt
1180 3186 1338 3257 vocabula3

134 3319 139 3328 ·
217 3290 308 3348 maius
342 3293 385 3348 est
418 3288 621 3347 documentum
652 3305 700 3346 res
730 3304 816 3362 quam
846 3287 970 3346 maxime
999 3287 1165 3346 consimiles
1195 3303 1258 3346 esse
1288 3289 1339 3345 aut

217 3391 333 3451 easdem
356 3391 425 3450 fere.

302 3559 323 3627 ¹)
341 3559 383 3613 Cf.
398 3574 425 3626 p.
437 3562 468 3612 18
487 3562 515 3612 et
532 3574 559 3626 p.
570 3561 650 3625 22sq.
668 3587 701 3595 —
720 3555 907 3612 Schmchelius
919 3556 991 3610 huno
1002 3555 1093 3610 locum
1105 3556 1140 3610 ad
1153 3556 1339 3626 quaestionem

216 3646 279 3713 περὶ
303 3646 430 3697 δυνατῶν
453 3643 590 3712 pertinere
613 3646 692 3697 acute
715 3642 801 3696 sensit
821 3642 859 3711 (p.
874 3643 946 3710 169),
970 3640 999 3694 id
1022 3641 1097 3709 quod
1115 3641 1243 3696 Stuuvius
1262 3642 1337 3710 (pt)

216 3732 310 3796 negat,
335 3729 442 3797 singula
464 3744 530 3783 vero
552 3730 711 3797 argumenta
732 3737 749 3781 1
765 3725 938 3781 Schmehelio
957 3726 1066 3781 detorta
1084 3741 1145 3781 esse
1162 3725 1339 3796 probabiliter

216 3813 393 3882 reprehendit
410 3813 546 3868 Stuevius.

303 3899 325 3966 ²)
344 3897 390 3953 Sic
408 3903 451 3952 cst
467 3898 652 3967 scribendnm3
671 3913 768 3967 nempe
786 3897 907 3952 futurum
924 3896 1084 3965 postulatur.
1116 3896 1171 3952 Vix
1189 3897 1259 3951 euim
1276 3913 1339 3965 pro·

217 3983 309 4039 babile
333 3987 375 4037 est
393 3983 564 4049 Ciceronem,
587 3987 618 4037 ut
636 3982 663 4052 (ξ
680 3985 703 4051 1)
725 3982 886 4051 opinabatur
903 3982 955 4036 huo
971 3984 1048 4051 parte
1066 3981 1102 4036 de
1119 3980 1217 4035 futuris
1234 3984 1338 4035 tantum

217 4069 272 4138 agi,
290 4068 329 4123 ita
347 4067 427 4122 etiam
444 4067 584 4137 proprium
602 4067 755 4136 exemplum
772 4067 800 4122 iu
816 4065 909 4122 futuro
926 4067 1061 4136 posuisse,
1080 4080 1242 4135 quamquam
1259 4070 1339 4120 autea

217 4153 245 4223 (ξ
259 4154 303 4223 19)
321 4168 356 4208 ex
374 4151 449 4208 fonte
466 4167 596 4221 praeseus
612 4156 785 4206 converterat
802 4157 920 4221 tempus.

303 4239 325 4308 ³)
347 4238 419 4293 Fieri
444 4241 549 4308 potest,
575 4241 605 4291 ut
630 4237 660 4291 id
685 4237 844 4306 meipsum
868 4238 1000 4306 scriptum
1023 4237 1060 4291 sit
1083 4235 1233 4291 secundum
1255 4236 1339 4292 fontis

218 4315 281 4380 οὔτε
299 4325 326 4379 iu
345 4324 406 4396 §28
425 4323 491 4393 (Neo
508 4339 558 4379 noe
576 4322 715 4394 impediet)
733 4322 873 4378 nuditum:
892 4339 918 4377 v.
936 4339 963 4392 p.
977 4325 1015 4376 23.
