3120 4972
1300 375 1339 437 41

219 551 470 624 antecedentibus;
500 569 567 610 nam
597 552 659 611 sine
681 550 735 609 illa
757 549 942 610 distinctione
964 567 1059 625 neque
1081 551 1159 609 stare
1181 568 1276 626 neque
1298 551 1341 608 in·

218 657 322 731 tellegi
350 658 446 730 potest
474 658 628 730 utrumque
653 671 740 730 posse
762 654 856 712 teneri
878 655 907 713 et
928 652 1004 711 nihil
1024 651 1088 712 fieri
1109 652 1173 712 sine
1195 655 1290 713 causis
1313 658 1343 713 et

219 776 283 817 esse
305 757 419 834 aliquid
440 759 470 814 in
491 760 634 833 potestate
650 760 760 816 nostra:
783 757 825 816 sie
839 757 975 831 quoniam
991 773 1091 815 omnes
1107 759 1135 814 et
1150 756 1298 814 nominum
1314 760 1343 816 et

218 859 425 920 sententiarum
447 861 578 935 reliquas
602 858 779 918 differentias
802 859 990 933 neglegebat,
1019 857 1148 917 iudicare
1171 859 1198 917 ei
1220 858 1342 918 licebat:

217 965 311 1023 uerbis
333 979 389 1032 cos,
411 980 473 1021 acu
494 979 525 1021 re
549 963 696 1021 dissidere.

302 1065 383 1125 Haec
411 1067 456 1123 est
483 1064 634 1140 dispositio
657 1064 791 1139 partium.
834 1064 920 1123 Nunc
943 1063 1029 1122 etiam
1058 1063 1245 1140 rationem,
1276 1083 1343 1141 qua

216 1171 291 1227 tcta
322 1167 581 1243 argumentatio
611 1167 776 1226 instituta
805 1169 834 1225 et
863 1169 1029 1225 constructa
1059 1168 1117 1242 sit,
1147 1168 1257 1243 quippe
1284 1187 1343 1244 qua

216 1269 378 1330 clarissime
408 1269 574 1327 universum
604 1267 745 1328 Antiochi
774 1266 1003 1344 philosophandi
1031 1285 1123 1343 genus
1154 1271 1342 1346 contineatur,

217 1372 344 1430 breviter
370 1369 558 1430 adumbrabo.
601 1372 639 1429 Et
666 1370 695 1428 in
723 1371 816 1445 prima
839 1370 920 1429 etin
944 1371 1038 1429 altera
1060 1375 1143 1445 parte
1166 1372 1343 1446 quaestionis

217 1475 330 1532 initium
360 1493 377 1531 a
406 1472 643 1532 conclusionibus
666 1471 823 1547 Chrysippi
852 1470 960 1530 factum
991 1475 1045 1531 est:
1075 1475 1135 1531 tum
1166 1476 1268 1532 contra
1293 1491 1343 1533 eas

218 1574 427 1651 disputabatur,
442 1574 558 1642 sedita,
573 1577 604 1632 ut
619 1591 718 1633 rursus
733 1573 857 1633 aliorum
873 1577 1090 1649 opponerentur
1101 1574 1343 1652 philosophorum

218 1678 392 1751 sententiam
414 1676 635 1737 discernebatur
651 1675 765 1749 deinde,
788 1694 863 1752 quae
879 1693 916 1735 ex
931 1676 1054 1752 singulis
1068 1677 1222 1753 probanda
1237 1682 1343 1753 essent,

218 1798 293 1855 quae
321 1779 524 1855 improbanda,
555 1780 643 1838 etiam
672 1797 709 1838 ex
739 1779 910 1854 Chrysippo.
961 1779 1128 1855 Apertum
1159 1780 1249 1840 enim
1278 1785 1343 1856 est,

217 1901 286 1941 nou
326 1881 405 1940 ideo
442 1881 588 1940 maxime
624 1884 824 1956 susceptam
861 1898 938 1940 esse
975 1881 1266 1958 disputationem,
1307 1887 1343 1944 ut

217 1984 434 2061 Chrysippus
457 1986 728 2060 propulsaretur
751 1988 784 2043 et
806 1983 1053 2057 refelleretur,
1075 2003 1258 2060 quamquam,
1277 2004 1342 2046 cum

217 2086 381 2147 Antiochus
411 2089 474 2162 ipse
504 2087 625 2145 liberam
656 2103 720 2145 esse
750 2087 932 2144 voluntatem
963 2087 1094 2159 sentiret,
1124 2087 1153 2144 in
1183 2089 1245 2147 eius
1274 2106 1341 2147 con-

218 2191 363 2249 clusiones
385 2187 565 2246 intendenda
587 2191 662 2256 erat,
688 2187 748 2246 sed
775 2190 811 2245 ut
833 2188 1066 2264 inveniretur,
1093 2189 1176 2264 quid
1198 2208 1235 2249 re
1257 2208 1342 2249 vera

219 2292 260 2351 de
282 2291 342 2350 fato
366 2294 443 2350 esset
464 2289 659 2350 iudicandum.
689 2290 724 2349 Id
747 2293 842 2348 autem
864 2289 952 2349 fiebat
975 2289 1220 2366 disceptando:
1243 2292 1342 2352 modo

217 2393 418 2470 probando,
454 2392 554 2452 modo
590 2392 771 2452 reiciendo
809 2410 849 2450 ex
882 2392 1040 2452 omnibus
1074 2395 1260 2454 sententiis
1293 2399 1343 2454 aut

218 2498 314 2572 potius
337 2514 374 2555 ex
396 2495 556 2556 Carneadis
579 2498 608 2554 et
630 2494 787 2571 Chrysippi
808 2496 972 2569 contrariis,
1003 2513 1096 2555 suam
1123 2497 1282 2572 eligebat
1310 2501 1343 2557 et

218 2597 464 2658 concinnabat.
507 2599 554 2655 lta
580 2597 612 2655 ei
635 2596 751 2672 obtigit,
780 2599 812 2654 ut
834 2597 1052 2656 conclusionem
1073 2598 1157 2656 illam
1179 2600 1269 2673 plane
1292 2599 1342 2658 ab·

216 2700 333 2760 surdam
361 2701 588 2776 conglutinaret,
618 2717 681 2759 esse
708 2698 850 2774 quaedam
873 2717 944 2757 uera
966 2717 1003 2758 ex
1025 2701 1210 2773 aeternitate,
1239 2718 1342 2760 causas

217 2822 287 2864 vero
310 2823 347 2863 ex
369 2805 543 2862 aeternitate
565 2806 716 2861 manantes
739 2819 799 2860 non
820 2801 938 2877 habere,
960 2802 1058 2876 priore
1079 2805 1163 2877 parte
1187 2801 1343 2879 Chrysippi

217 2906 377 2966 defendens
411 2905 447 2965 de
477 2904 722 2964 enuntiationibus
752 2904 937 2977 sententiam,
970 2905 1131 2979 posteriore
1161 2905 1342 2966 Carneadem

218 3012 343 3068 secutus.
386 3010 421 3066 In
443 3007 514 3084 §25
545 3011 697 3082 utramque
724 3007 897 3066 sententiam
922 3010 1084 3066 consertam
1108 3010 1137 3065 et
1159 3009 1342 3067 commixtam

217 3129 281 3170 esse
312 3127 399 3186 supra
429 3110 468 3185 (p.
487 3107 537 3188 19)
568 3108 690 3167 ostendi.
738 3108 880 3179 Quoniam
910 3126 980 3168 vero
1009 3113 1141 3167 neutram
1171 3111 1260 3184 plane
1290 3112 1342 3168 im-

216 3213 364 3289 probavit,
406 3212 501 3272 neutri
536 3228 653 3286 prorsus
690 3227 824 3270 assensus
863 3213 917 3283 est,
960 3209 998 3268 ad
1034 3229 1095 3269 rem
1132 3211 1342 3270 absolvendam

218 3333 291 3392 opus
328 3317 355 3375 ei
391 3332 456 3374 esse
492 3313 646 3373 videbatur
682 3311 882 3372 demonstrare
919 3312 1006 3371 etiam
1042 3313 1121 3388 ipsos
1158 3313 1341 3373 adversarios

216 3417 379 3477 nominibus
410 3420 522 3475 tantum
552 3416 680 3489 differre,
709 3434 741 3475 re
771 3432 940 3490 congruere.
987 3415 1070 3475 Talis
1099 3414 1269 3492 philosophi
1297 3420 1342 3475 est

215 3521 310 3596 potius
333 3521 456 3579 aliorum
479 3519 665 3594 interpretari
674 3517 698 3595 1)
721 3521 750 3576 et
765 3534 881 3576 versare
897 3519 1064 3590 sententias,
1086 3517 1231 3577 interdum
1248 3519 1342 3592 etiam,

217 3625 242 3683 si
264 3641 336 3699 opus
359 3626 430 3695 erat,
456 3624 486 3681 vi
508 3627 644 3697 torquere
667 3624 695 3679 et
717 3621 863 3694 mutilare,
886 3638 973 3695 quam
996 3618 1103 3679 audere
1127 3619 1163 3679 de
1185 3637 1237 3679 suo
1260 3637 1342 3679 suam

216 3723 356 3802 profiteri:
389 3725 425 3784 de
448 3725 481 3802 ἐξ
498 3726 536 3783 39
550 3742 612 3800 sqq.
635 3723 710 3782 nihil
738 3741 858 3783 necesse
885 3727 929 3782 est
951 3721 1074 3794 addere;
1104 3721 1206 3781 eadem
1228 3724 1342 3783 ratione

218 3830 252 3900 ἓξ
274 3829 313 3885 32
324 3845 366 3902 sq.
396 3826 577 3886 Carneadem
607 3825 645 3884 ad
674 3844 755 3885 suam
785 3825 958 3884 sententiam
991 3823 1121 3898 deducit,
1150 3825 1239 3883 simili
1268 3826 1340 3902 §17

305 4010 325 4079 ¹)
343 4010 433 4064 Etiam
452 4009 486 4062 de
506 4009 563 4079 §82
581 4010 712 4078 quoniam
729 4009 825 4079 igitur,
843 4007 944 4077 iuquit,
963 4009 1071 4062 tautum
1088 4010 1192 4062 actura
1210 4010 1342 4063 creatura

217 4095 304 4150 distat
403 4095 461 4162 59:
485 4094 563 4148 Haec
587 4094 732 4163 disserens,
756 4111 811 4162 pseu
829 4093 1024 4162 decerpatur
1106 4108 1162 4146 uon
1180 4092 1253 4147 uidet
1270 4110 1342 4148 nunc

218 4181 331 4236 dubium
351 4179 471 4248 nonsit,
496 4180 561 4248 quin
578 4180 620 4234 his
638 4195 693 4234 non
710 4180 885 4249 impediatur,
910 4194 965 4249 quo
984 4179 1071 4232 minus
1088 4178 1190 4246 primae
1207 4179 1278 4247 parti
1296 4179 1341 4236 iila

215 4265 309 4321 brevis
332 4264 471 4319 conclusio
490 4264 637 4335 Chrysippi
659 4265 800 4333 proposita
817 4264 911 4320 fuerit:
936 4263 1088 4332 explicatur
1104 4263 1138 4318 ab
1156 4260 1294 4320 Antiocho
1313 4270 1342 4321 et

216 4350 344 4409 dilatatur
363 4349 499 4426 (conferas
516 4349 550 4422 ἓξ
563 4354 594 4407 41
616 4354 644 4405 et
661 4351 714 4419 42).
