3120 4972
219 385 259 444 38

217 559 301 616 crant
321 558 473 628 tractatae,
496 558 525 614 et
547 555 588 614 sic
611 554 649 613 ad
670 555 793 631 primam
808 553 948 613 Antiochi
966 556 1079 631 partem
1094 554 1237 629 pervenit,
1259 553 1342 615 cuius

216 659 329 717 initium
362 656 438 715 illud
469 658 649 732 propositum
679 660 754 731 erat,
787 673 844 731 quo
875 655 945 730 quid
974 658 1011 714 sit
1040 655 1129 714 fatum
1160 656 1342 731 describitur,

217 778 341 836 quocum
368 761 468 834 aliqua
492 760 604 818 ratione
630 776 731 817 versus
753 759 900 817 Homerici
923 761 1005 817 eraut
1025 759 1123 817 iuncti.
1166 759 1343 818 Universam

217 864 254 923 de
283 862 344 922 fato
373 862 547 922 sententiam
570 861 726 937 Chrysippi
756 861 810 920 etsi
838 861 967 920 breviter
994 859 1233 936 comprehensam
1259 863 1342 921 initio

216 965 418 1042 disputationis
448 964 608 1040 expositam
632 963 733 1036 fuisse,
763 965 795 1020 ut
816 961 1019 1021 Schmchelius
1041 964 1080 1038 (p.
1100 962 1173 1038 165)
1193 963 1343 1037 iudicavit,

217 1067 353 1143 equidem
376 1085 435 1126 nou
458 1066 555 1125 credo.
593 1065 674 1136 Quae
697 1064 824 1140 denique
842 1064 1008 1124 Macrobius
1023 1063 1137 1123 Satura.
1152 1066 1195 1123 Ill
1212 1066 1259 1138 16,
1272 1066 1342 1140 3sq.

217 1173 329 1245 namet,
359 1168 503 1243 quomodo
535 1186 600 1226 cum
631 1168 801 1242 quaestione
832 1165 869 1225 dc
895 1165 955 1225 fato
981 1167 1046 1241 ipsa
1068 1165 1257 1240 cohaereant,
1286 1184 1342 1242 ego

216 1291 275 1331 non
297 1288 415 1347 possum
437 1269 546 1329 videre.
589 1268 731 1340 Quoniam
754 1272 849 1328 autem
872 1269 922 1326 vix
944 1268 1062 1326 dubium
1085 1274 1137 1341 est,
1160 1269 1230 1345 quin
1253 1287 1288 1328 ea
1309 1288 1342 1329 rc

216 1393 287 1433 vera
317 1391 353 1432 ex
376 1372 524 1432 Ciceronis
554 1371 590 1431 dc
621 1371 681 1430 fato
711 1373 817 1431 libello
848 1372 994 1446 exscripta
1023 1371 1092 1445 sint,
1124 1375 1174 1430 aut
1201 1373 1344 1447 prooemii

216 1477 329 1535 initium
358 1474 447 1534 fuisse
476 1475 621 1549 suspicor,
651 1477 712 1546 aut,
740 1473 771 1532 id
801 1472 881 1549 quod
909 1475 1001 1532 multo
1029 1472 1094 1531 veri
1119 1473 1241 1533 similius
1262 1477 1343 1550 puto,

217 1579 328 1638 alicubi
356 1578 466 1653 primae
496 1577 635 1635 orationis
662 1577 787 1634 stetisse:
820 1579 883 1634 erat
904 1574 1027 1634 fortasse
1049 1575 1177 1634 iucunda
1197 1575 1254 1634 hac
1275 1594 1343 1634 nar-

216 1681 382 1739 ratiuncula
407 1680 438 1736 iu
466 1679 665 1753 quaestionem
693 1677 888 1737 introductum
915 1677 1015 1751 (simili
1036 1677 1085 1734 via
1106 1682 1194 1752 atquc
1216 1679 1344 1753 exempli

217 1782 312 1858 gratia
334 1780 370 1840 do
393 1782 502 1840 iuvent.
517 1781 554 1853 ll,
568 1782 582 1838 1
598 1778 686 1857 sqq),
709 1780 796 1838 simul
815 1780 855 1837 ita
869 1779 958 1837 Hirtii
973 1780 1189 1853 elegantissime
1205 1780 1344 1856 captabat

217 1883 462 1956 benevolentiam,
485 1885 542 1941 oiri
563 1884 620 1942 sibi
642 1883 813 1941 amicissimi
835 1885 863 1939 et
877 1883 922 1940 bis
937 1882 1050 1951 studiis,
1073 1883 1105 1940 ia
1121 1883 1224 1955 quibas
1239 1882 1343 1942 Cicero

219 1987 386 2061 apocritiu
408 1987 527 2055 vixerat,
551 1986 642 2044 clediti
663 1983 691 2060 (ξ
708 1985 746 2057 2),
770 1987 798 2042 ct
820 1983 975 2042 ostendere
989 1988 1113 2063 poterat,
1136 1985 1343 2058 quaestionem,

219 2108 306 2166 quam
343 2089 551 2165 suscepissent,
589 2089 824 2146 obscurissimum
859 2092 887 2145 ct
919 2088 1185 2160 implicatissimam
1217 2087 1343 2163 (Gellius

218 2187 382 2272 V112,15)
399 2208 567 2265 paucorum
589 2191 738 2249 fronciacum
761 2207 829 2249 esse.

304 2295 384 2353 Haec
417 2292 478 2352 fere
512 2293 549 2351 de
579 2291 749 2368 fragmentis
780 2293 849 2351 mihi
879 2295 962 2351 eraut
991 2291 1129 2351 dicenda:
1162 2311 1227 2351 mea
1255 2294 1344 2369 igitur

219 2397 365 2456 sententia
394 2398 486 2454 multo
517 2395 673 2471 plurimum
703 2393 741 2453 ad
770 2396 968 2470 quaestionem
991 2398 1119 2454 nostram
1141 2394 1194 2453 fati
1216 2397 1271 2454 illa
1294 2395 1343 2455 dc·

220 2498 311 2557 finitio
328 2496 510 2572 Chrysippea
528 2498 619 2570 affert,
642 2514 729 2571 quam
745 2497 862 2555 Servius
879 2498 1043 2572 exscripsit:
1066 2515 1152 2572 quam
1169 2497 1207 2556 ad
1221 2499 1344 2574 primam

179 2674 181 2679 .
221 2599 433 2675 disputationis,
456 2617 531 2673 quac
554 2602 654 2673 exstat,
677 2602 789 2674 partem
811 2598 994 2657 referendam
1017 2616 1081 2658 esse
1104 2616 1192 2675 supra
1214 2602 1344 2675 exposui,

220 2721 275 2761 nec
298 2704 391 2761 minus
414 2718 514 2760 versus
537 2702 706 2760 Homericos
729 2701 766 2759 ab
789 2701 954 2775 Augustino
976 2701 1111 2774 traditos3
1137 2701 1174 2761 de
1196 2703 1343 2777 Aug.V2

219 2805 296 2863 idem
318 2823 371 2880 per
393 2822 424 2863 se
448 2807 673 2862 cousentaneum
697 2807 748 2862 cst.
785 2804 830 2860 Ex
853 2804 957 2862 ceteris
979 2804 1009 2861 id
1032 2821 1150 2877 sumam,
1173 2804 1343 2864 Ciceronem

220 2908 314 2982 prima
330 2906 460 2964 oratione
476 2904 513 2963 de
530 2904 699 2965 difficultate
715 2908 744 2964 et
760 2905 934 2964 obscuritate
949 2905 993 2963 rei
1008 2903 1056 2979 (cf.
1073 2905 1108 2963 de
1124 2909 1183 2964 nat.
1196 2906 1274 2965 deor.
1286 2908 1300 2965 Ι
1313 2908 1343 2981 l)

219 3008 310 3067 verba
331 3007 447 3080 fecisse,
469 3008 600 3083 inprimis
619 3008 705 3066 etiam
721 3007 757 3065 de
773 3006 946 3082 Chrysippo,
970 3025 1055 3081 quem
1070 3007 1144 3065 nihil
1160 3008 1343 3084 expedivisse

221 3110 355 3184 ostendit,
378 3128 442 3169 cum
466 3111 552 3168 simul
573 3111 671 3184 aliquo
688 3109 774 3169 modo
791 3111 973 3170 assensiones
987 3114 1138 3169 tractaret:
1162 3114 1256 3170 utrum
1272 3130 1343 3171 uou-

220 3214 304 3271 nulia
315 3215 336 3288 ¹)
352 3216 403 3271 aut
418 3232 454 3271 ex
470 3213 616 3288 prooemio
633 3214 848 3288 qualicumque,
869 3211 946 3286 quod
962 3212 1140 3271 Antiochum
1156 3213 1345 3289 disputationi

222 3332 291 3374 suae
323 3315 525 3390 praeposuisse
558 3314 710 3389 probabile
741 3319 795 3387 est,
829 3315 1038 3390 adhibuer·it,‘²)
1072 3319 1121 3373 aut
1148 3334 1165 3373 a
1192 3315 1344 3376 Carneade

222 3421 391 3491 argumenta
421 3420 523 3474 contra
545 3417 739 3493 Chrysippum
768 3418 949 3493 repetiverit,
979 3437 1017 3476 au
1044 3420 1133 3493 plane
1160 3392 1228 3476 suni
1249 3417 1344 3494 fuerit,

222 3537 276 3594 pro
300 3522 378 3577 certo
402 3518 563 3578 diiudicare
586 3536 645 3576 uon
666 3520 722 3577 iam
745 3520 824 3578 licet.

307 3621 421 3679 Perisse
435 3621 524 3695 igitur
540 3625 652 3680 constat
667 3626 784 3696 praetor
798 3622 909 3680 initium
925 3623 1043 3696 primae,
1067 3640 1153 3697 quam
1168 3624 1345 3697 vocavimus,

222 3723 311 3798 partis
328 3721 531 3798 disputationis
546 3723 790 3782 introductionem
805 3724 887 3781 illam
900 3724 1047 3783 Ciceronis
1064 3724 1345 3801 descriptionemque

223 3828 252 3883 et
267 3825 490 3900 explicationem
507 3826 717 3897 assensionum3
734 3843 810 3901 quae
826 3830 935 3900 quanta
950 3826 1037 3886 fucrit
1051 3828 1226 3901 ignoramus.
1259 3828 1346 3888 Alias

222 3932 319 4002 partes
348 3927 490 3986 excidisse
513 3929 597 3986 nulla
619 3927 725 3986 adsunt
746 3928 921 4002 testimonia,
951 3947 988 3988 ne
1011 3930 1193 4006 suspiciones
1216 3932 1345 4005 quidem:

223 4031 359 4104 quoniam
396 4030 473 4088 enim
506 4030 620 4088 minime
653 4030 806 4105 probabile
839 4035 882 4089 est
914 4032 944 4089 in
977 4031 1172 4108 disputatione
1205 4034 1348 4093 Antiochi

309 4179 330 4246 ¹)
355 4177 435 4231 Certe
458 4193 512 4231 nou
535 4177 636 4246 omuia;
663 4193 725 4231 uam
749 4193 819 4247 quae
843 4178 948 4234 Cellius
971 4180 1065 4249 tradit,
1090 4180 1262 4235 consentiunt
1286 4196 1346 4234 cum

224 4261 276 4329 §¹1,
295 4261 312 4330 ξ
327 4266 365 4330 12,
384 4261 418 4330 §5
432 4266 531 4316 15-16
550 4264 689 4332 (aestuans
708 4263 788 4332 fili),
806 4265 913 4319 minime
932 4281 993 4320 cum
1011 4266 1080 4336 §su

310 4347 330 4415 ²)
348 4345 389 4400 Cf.
408 4361 447 4401 ac.
459 4346 486 4400 Il
506 4347 539 4418 ἓξ
554 4352 665 4402 13-18.
