3120 4972
1302 249 1341 309 39

221 415 344 494 primam
373 416 455 475 illam
485 415 522 476 de
551 416 678 477 moribus
709 422 738 476 et
768 417 905 478 libertate
935 419 1094 479 voluntatis
1120 423 1233 496 partem
1255 421 1345 479 aliam

222 523 419 595 antegressam
450 536 526 593 esse,
557 537 615 593 qna
637 517 674 578 de
696 518 757 580 fato
780 521 843 596 ipso
866 523 1095 598 quaereretur,¹)
1126 539 1220 596 neque
1242 527 1345 598 postca

222 621 260 680 ad
282 620 466 680 refutandum
489 620 684 697 Chrysippum
707 625 756 680 aut
778 623 890 682 Stoicos
912 643 931 681 a
954 623 1095 684 Cicerone
1118 624 1237 684 aliunde
1259 643 1344 700 argu-

221 727 318 783 menta
348 722 448 782 addita
477 727 543 782 sunt
573 722 611 782 ad
636 724 731 798 ipsum
752 723 843 783 fatum
865 725 1042 800 pertinentia
1063 744 1159 801 neque
1181 727 1285 786 scimus
1307 745 1344 786 ex

220 826 304 884 libris
337 827 398 885 eius
407 822 432 905 ²)
464 827 562 885 locum
594 830 711 901 praeter
743 844 786 886 ac.
805 827 835 886 Il
857 830 891 900 ἓξ
909 829 1039 886 37-39
1073 827 1111 886 ad
1144 829 1344 904 quaestionem

220 933 349 988 nostram
378 930 570 1004 spectantem,
599 928 649 1003 qui
678 929 704 986 ei
733 929 762 986 iu
785 930 952 988 memoriam
973 929 1069 989 redire
1091 931 1230 1006 potuerit,
1259 932 1345 990 nulla

221 1032 351 1107 cogimur
374 1041 471 1104 causa,
493 1033 525 1089 ut
546 1029 576 1088 id
600 1030 813 1110 suspicemur.³)

306 1135 408 1209 ltaque
425 1133 460 1192 de
472 1133 613 1193 Antiochi
629 1134 823 1209 disputatione
838 1152 994 1211 perpauca,
1010 1134 1046 1194 de
1061 1135 1180 1194 exordio
1197 1135 1345 1196 Ciceronis

220 1238 364 1295 nonnulla
386 1237 491 1296 amissa
511 1255 574 1296 esse
591 1254 704 1297 censeo.
740 1237 817 1295 Num
834 1256 869 1295 ea
884 1236 1037 1310 sufficiant,
1059 1238 1163 1312 quibus
1179 1240 1344 1314 complures

220 1341 421 1414 compleantur
442 1340 577 1414 paginae,
600 1357 654 1414 ego
677 1357 737 1398 non
758 1339 851 1399 audeo
875 1339 1042 1399 decernere.

307 1561 388 1632 Quae
415 1560 511 1620 adhuc
539 1560 580 1619 de
607 1560 706 1625 fonte
732 1566 765 1619 et
791 1562 1047 1637 compositione
1069 1561 1138 1620 libri
1159 1560 1196 1622 de
1218 1562 1278 1622 fato
1300 1564 1344 1622 in·

220 1665 364 1737 venimus,
391 1664 455 1722 cum
482 1663 571 1722 valde
598 1661 731 1739 dispersa
758 1663 827 1736 sint,
857 1663 1016 1723 breviter
1042 1663 1343 1740 comprehendam.

219 1767 269 1825 De
298 1764 395 1824 fonte
422 1765 682 1824 demonstravimus
705 1764 812 1824 librum
835 1763 1001 1824 Antiochi
1023 1766 1193 1826 Ciceronem
1214 1772 1344 1827 secutum

220 1885 295 1941 esse,
325 1872 413 1942 atque
441 1868 494 1940 ita,
524 1871 555 1926 ut
583 1885 642 1926 non
669 1868 765 1926 solum
789 1868 904 1942 singula
927 1872 1097 1942 argumenta
1118 1869 1187 1927 iude
1209 1874 1343 1943 sumeret,

220 1969 271 2029 sed
293 1970 457 2028 universam
481 1969 659 2028 describeret
682 1970 962 2043 argumentationem
985 1968 1086 2028 ordine
1109 1970 1196 2028 totius
1216 1970 1342 2045 disputa·

219 2073 306 2130 tionis
336 2074 464 2143 servato;
495 2069 572 2144 quod
602 2071 693 2128 semel
716 2070 846 2128 ordinem
869 2071 974 2129 vitiose
996 2072 1130 2146 mutavit,
1161 2089 1196 2130 eo
1218 2090 1278 2131 non
1299 2073 1342 2130 in-

218 2173 355 2247 firmatur,
378 2171 456 2246 qnod
472 2171 602 2244 dicimus,
619 2172 707 2230 immo
723 2190 808 2246 quam
824 2173 948 2231 manime
964 2173 1090 2245 fulcitur,
1107 2174 1250 2248 qnoniam,
1267 2191 1342 2249 quae

219 2294 253 2334 eo
277 2278 357 2334 ortae
379 2279 454 2347 sunt,
477 2273 690 2349 discrepantiae
712 2293 730 2332 a
752 2275 893 2334 Cicerone
916 2292 975 2332 non
998 2275 1132 2334 sublatae
1154 2279 1228 2334 suut.
1260 2277 1342 2335 Intra

219 2381 384 2437 contextum
416 2381 511 2434 autem
541 2375 627 2436 huius
658 2376 862 2453 disputationis
892 2394 908 2435 e
938 2376 1105 2451 fontibus,
1139 2377 1229 2437 unde
1258 2379 1342 2438 brevi

218 2483 306 2538 autea
337 2479 502 2539 hauserat
533 2479 646 2539 libros
680 2479 720 2538 de
750 2478 987 2552 divinatione,
1022 2480 1213 2539 nonnullos
1241 2481 1341 2540 locos

218 2583 413 2656 interiecit,
442 2584 614 2658 plerumque
640 2599 742 2656 parum
764 2585 845 2656 apte,
875 2599 912 2640 ex
934 2580 1091 2640 Posidonio
1115 2600 1162 2656 ea,
1192 2600 1266 2656 quae
1289 2583 1339 2660 §7

217 2685 406 2759 antecedunt,
440 2703 476 2743 ex
505 2685 646 2743 Panaetio
680 2685 740 2757 (vel
770 2682 968 2761 Clitomacho)
1000 2682 1034 2758 ἓξ
1052 2683 1175 2742 15-16
1209 2689 1239 2742 et
1268 2702 1340 2744 non·

217 2790 303 2846 nulla
325 2805 362 2845 ex
384 2786 417 2862 §d
432 2787 563 2844 ll-la.
594 2787 752 2858 Postremo,
775 2803 851 2861 quac
866 2786 929 2861 ipse
944 2786 1115 2859 elaboravit,
1138 2803 1287 2846 enumero:
1310 2790 1342 2845 ut

217 2889 479 2947 verisimillimum
502 2887 590 2961 duco,
607 2888 775 2960 exordium,
798 2891 877 2946 certe
899 2889 1115 2963 perorationem
1138 2888 1340 2965 disputationis

217 2990 263 3068 (ἓξ
279 2990 319 3048 46
331 2989 415 3067 sqq.),
438 3007 525 3063 quam
547 2989 584 3048 ad
608 2989 640 3065 ἐξ
657 2991 782 3047 22-23
799 2989 960 3064 adaptavit,
983 2994 1012 3048 et
1027 2989 1060 3065 ἓξ
1077 2990 1211 3062 26-28,
1234 2992 1339 3065 quibus

218 3093 251 3168 ἐξ
269 3093 382 3166 18sqq.
411 3091 538 3150 imitatus
568 3095 623 3163 est,
653 3090 779 3165 denique
809 3094 843 3163 ἓξ
860 3091 984 3149 34-36
1015 3109 1031 3150 e
1061 3093 1198 3150 memoria
1224 3092 1339 3151 videtur

217 3196 382 3254 inseruisse.
417 3195 467 3252 De
490 3193 745 3268 compositione
767 3212 845 3267 vero,
868 3211 942 3268 quae
965 3194 1161 3270 apparuerint,
1184 3199 1214 3253 et
1235 3195 1338 3254 ordine

217 3301 450 3374 argumentorum
464 3314 529 3356 cnm
542 3296 697 3371 complecti
708 3297 849 3368 volumus,
864 3299 993 3370 praestet
1004 3313 1062 3354 uon
1073 3297 1177 3354 iterum
1189 3296 1337 3356 Ciceronis

216 3388 390 3476 partesjsed
402 3398 573 3458 Antiochi
588 3416 765 3471 enumerare,
782 3399 917 3472 qnoniam
933 3397 969 3455 de
981 3399 1061 3456 iilius
1072 3399 1202 3474 partibus
1213 3398 1338 3474 propriis

216 3504 287 3561 satis
316 3502 424 3561 dictum
456 3507 507 3562 est.
551 3504 637 3561 Tres
665 3505 786 3578 partes
816 3501 985 3560 continebat
1008 3500 1147 3559 Antiochi
1169 3500 1337 3575 disputatio:

216 3606 348 3680 primae
370 3607 548 3681 propositum
571 3608 633 3664 erat
648 3604 806 3680 Chrysippi
827 3604 882 3661 illa
903 3602 1031 3662 delinitio
1054 3602 1107 3662 fati
1125 3603 1160 3662 de
1177 3603 1337 3662 conexione

302 3789 324 3855 ²)
342 3787 384 3841 Ne
408 3787 557 3842 concedam
579 3787 614 3840 dc
633 3785 749 3841 diversis
767 3784 1002 3855 philosophorum,
1027 3784 1153 3854 quiante
1171 3779 1336 3839 Antiochum

215 3873 332 3939 fuerunt,
350 3871 492 3927 sententiis
510 3876 589 3925 autea
606 3876 697 3926 actum
714 3870 807 3939 fuisse,
825 3869 973 3939 prohibeor
991 3871 1062 3938 §39-

300 3960 322 4027 a)
350 3956 515 4025 Conscriptis
542 3961 569 4010 ct
595 3956 676 4010 editis
702 3955 820 4023 scilicet,
847 3971 901 4009 non
927 3954 1075 4023 propositis
1101 3958 1204 4009 tautum
1230 3954 1274 4020 (ut
1300 3951 1336 4007 dc

215 4044 271 4099 div.
283 4043 311 4098 11
326 4043 380 4111 19):
404 4046 525 4096 ceterum
544 4040 689 4096 Carneadis
712 4040 840 4096 refutatio
862 4039 916 4108 ipsi
937 4039 1115 4109 disputationi
1131 4043 1239 4094 nostrae
1257 4038 1336 4093 inest.

300 4130 322 4198 ⁸)
341 4128 508 4196 Quamquam
526 4128 561 4181 dc
579 4126 709 4181 Cicerone
727 4128 800 4194 ipso,
824 4141 886 4180 cum
902 4130 997 4180 notum
1014 4125 1057 4194 sit,
1076 4129 1190 4195 quantas
1207 4124 1336 4193 ambages

215 4219 244 4270 et
262 4212 447 4286 digressiones
465 4211 555 4268 facere
573 4210 753 4281 consueverit,
770 4225 826 4265 non
842 4209 923 4280 plano
940 4210 1034 4280 liquet.
