3120 4972
259 362 300 424 44

261 553 326 596 enrn
347 537 388 595 sit
407 536 532 606 oerbnnn,
555 536 634 609 onon
653 537 731 596 idern
754 538 889 607 declaret,
911 538 1008 612 rnnpc’s
1021 539 1174 597 nsitutnnc.
1210 539 1384 613 Equidem

260 641 358 698 soleo
389 640 510 708 etiarn,
544 641 636 712 qnod
664 657 732 698 nno
764 638 906 710 Graeci,
936 643 968 699 si
996 642 1106 699 aliter
1132 659 1203 700 non
1225 660 1383 716 possen,

259 743 349 800 idern
364 742 532 815 pleribus
554 742 669 801 certis
692 760 869 816 exponere.
901 742 964 813 Quo
986 744 1055 802 loeo
1078 742 1262 803 confirmatur
1286 744 1384 804 Cice·

259 862 376 904 renem
393 847 601 903 convertere
618 846 776 905 voluisse
789 879 829 887 -
841 844 915 919 sugit
926 844 975 903 hic
986 846 1106 904 verbnm
1118 847 1316 920 convertendi,
1332 847 1383 906 sed

259 946 289 1004 id
304 948 399 1023 ipsum
411 945 567 1022 significari
580 965 616 1007 ex
629 949 773 1006 consimili
784 950 850 1007 loeo
863 947 899 1006 de
912 953 971 1023 opt.
980 966 1046 1023 gen.
1057 966 1096 1008 or.
1109 947 1125 1024 ξ
1136 948 1174 1006 14
1186 951 1383 1023 cognoscitur:

261 1047 426 1108 ΟιιιιιιιιιΙ
455 1051 545 1108 enine
576 1067 609 1109 ec
630 1047 1054 1122 Atticis.‚.orotiones...,·
1082 1068 1136 1110 nec
1165 1054 1323 1110 concerti
1350 1057 1385 1110 nt

258 1154 401 1226 interpres
430 1154 490 1212 sed
517 1157 557 1211 ιιι
586 1158 715 1223 orator,
745 1155 937 1213 sententiis
960 1155 1085 1213 iisdem
1108 1159 1137 1213 et
1158 1172 1258 1213 eornm
1278 1157 1383 1228 screnis

261 1259 412 1328 tanquan
432 1257 544 1330 pneris,
573 1257 689 1314 uerbis
712 1256 758 1314 uel
778 1260 939 1315 nostrone
962 1259 1252 1316 consuetudinem
1276 1261 1382 1331 aptes,

259 1361 291 1418 ιἰι
321 1360 424 1432 onibus
453 1376 523 1417 non
551 1360 691 1417 oerbnnc
714 1376 781 1432 pro
807 1361 910 1418 corbo
933 1377 1075 1419 necesse
1097 1361 1207 1418 lecbnc'
1227 1363 1382 1430 reddere,

259 1461 311 1522 sect
338 1479 430 1536 penne
458 1479 541 1520 ornne
566 1462 719 1520 cerbornrn
740 1462 855 1535 siurone
876 1465 991 1521 senoni
1011 1496 1053 1504 -
1076 1465 1105 1522 et
1127 1463 1214 1521 simul
1235 1462 1303 1522 inde
1326 1462 1383 1522 dis-

260 1565 361 1637 cimus,
383 1581 441 1638 qna
463 1564 576 1623 ratione
599 1563 701 1624 Cicero
725 1566 909 1624 converterit.

720 1737 922 1744 --—-—--—-.

344 1859 495 1917 Postremo
514 1855 544 1916 id
560 1874 675 1932 quoque
691 1857 822 1931 cupimus
837 1857 919 1928 seire,
943 1875 983 1915 ex
1006 1874 1067 1931 quo
1091 1873 1197 1932 opere
1212 1858 1383 1917 Antiochi

258 1959 344 2020 haec
367 1957 560 2035 disputatio
584 1958 624 2018 de
647 1958 719 2017 tato
742 1961 877 2033 sumpta
899 1959 956 2031 sit,
979 1960 1067 2033 quale
1089 1962 1118 2017 et
1133 1962 1271 2034 qnantum
1287 1959 1382 2019 fuerit.

258 2063 308 2121 De
330 2062 433 2121 libris
448 2079 530 2120 vcro
547 2062 588 2121 ab
605 2060 781 2120 Antiocho
798 2059 904 2120 editis
921 2059 1017 2119 adhuc
1031 2060 1062 2119 id
1076 2064 1188 2120 tantum
1204 2067 1381 2138 compertum

257 2163 432 2241 habemns,¹)
448 2167 550 2223 contra
565 2163 719 2222 Philonem
735 2164 904 2238 magistrum
919 2163 955 2222 ab
971 2181 1005 2222 eo
1021 2163 1127 2222 librum
1142 2166 1294 2240 vulgatum
1311 2181 1382 2238 esse,

258 2269 308 2344 qui
322 2267 410 2327 Sosus
432 2266 644 2326 inscribebatur
667 2266 738 2341 (Cic.
753 2284 794 2325 ac.
810 2267 840 2324 II
858 2267 893 2323 11
908 2267 970 2341 sq.),
994 2265 1031 2324 cd
1050 2265 1083 2336 Q.
1095 2266 1239 2325 Lucilium
1255 2267 1380 2325 Balbum

258 2388 321 2430 eum
352 2370 464 2428 misisse
494 2369 600 2427 librum
627 2368 665 2426 ad
693 2357 780 2451 ἦθος
801 2370 981 2442 spectantem
1005 2367 1053 2443 (de
1076 2372 1134 2426 nat.
1158 2368 1382 2447 deor.116),²)

257 2472 382 2547 denique
413 2465 576 2532 recorrecti
607 2488 672 2529 enm
699 2471 919 2544 conscripsisse,
950 2488 986 2528 ex
1009 2488 1130 2545 quorum
1154 2471 1230 2530 libro
1253 2472 1380 2531 secundo

259 2575 364 2635 Sextus
398 2573 561 2648 Empiricus
594 2573 666 2632 duos
698 2573 782 2630 locos
816 2571 969 2646 exscripsit
1002 2573 1077 2646 (VII,
1100 2573 1160 2630 162
1183 2577 1212 2632 et
1235 2574 1309 2651 201)
1344 2572 1381 2632 ad

257 2670 427 2756 αἰσθήσεις
449 2676 636 2751 pertinentes,
659 2675 762 2750 quales
786 2676 882 2732 essent
904 2677 933 2732 ct
956 2691 1014 2748 qna
1028 2675 1076 2732 via
1092 2677 1251 2734 orerentur.
1285 2676 1380 2747 Quae-

256 2779 343 2851 ritur,
365 2796 434 2836 num
457 2795 494 2836 ex
516 2777 561 2837 his
583 2777 666 2836 libris
689 2776 768 2853 apud
791 2776 959 2837 Ciceronem
982 2814 1022 2823 -
1045 2795 1112 2834 nam
1135 2780 1215 2836 certa
1237 2794 1379 2853 nusquam

257 2880 327 2939 alibi
356 2880 497 2940 habemus
527 2879 652 2954 vestigia
681 2882 798 2954 praeter
820 2879 900 2938 Sexti
921 2879 1062 2954 Empiriei
1088 2881 1170 2938 locos
1193 2879 1279 2939 modo
1302 2897 1380 2938 com-

256 2986 430 3042 memoratos
454 3017 492 3025 —
516 2980 628 3058 aliquid
658 2984 760 3040 exstet.
805 2983 861 3039 Pro
892 2985 971 3040 certo
1000 2981 1031 3040 id
1059 2998 1145 3056 posse
1167 2981 1225 3042 dici
1248 2981 1284 3040 de
1306 2982 1380 3041 Soso

255 3086 432 3161 putaverim,
461 3085 538 3145 unde
566 3101 609 3144 se.
624 3085 652 3143 Π
675 3080 713 3164 §b
729 3083 864 3142 40-60
893 3084 1012 3143 fluxisse
1033 3083 1204 3162 videntur.³)
1248 3086 1288 3144 Ut
1309 3103 1379 3144 vero

341 3235 363 3302 ¹)
383 3233 423 3290 ef.
441 3233 582 3301 Susemihl,
602 3232 708 3288 Griech.
727 3232 967 3302 Littersturgesch.
986 3232 1014 3285 ΙΙ
1031 3248 1058 3300 p.
1072 3235 1129 3286 290.

341 3321 362 3389 ²)
381 3319 478 3387 Hirzsl,
497 3319 596 3374 Philos.
609 3318 717 3373 Unters.
730 3318 772 3371 111
782 3321 879 3386 273sq.
899 3322 973 3372 recte
991 3333 1025 3371 ex
1042 3317 1109 3386 ipsis
1128 3317 1208 3372 hrrius
1222 3316 1278 3372 loci
1290 3318 1380 3373 verbis
1460 3338 1462 3342 ·

256 3406 397 3474 conclusit,
415 3405 488 3459 hune
504 3404 602 3459 librum
619 3405 677 3459 sine
696 3403 781 3459 dubio
800 3419 854 3458 non
870 3419 930 3458 esse
944 3403 1049 3472 Sosnm,
1068 3402 1096 3456 id
1109 3402 1184 3471 quod
1195 3403 1337 3458 Krischius
1353 3407 1381 3456 ιι

256 3490 344 3545 Zellcr
367 3489 498 3558 suspicati
523 3494 609 3558 arunt,
633 3489 684 3543 sed
708 3504 768 3543 eum
792 3489 903 3556 librum,
929 3504 962 3542 ox
981 3503 1036 3557 quo
1054 3487 1090 3540 de
1108 3487 1152 3540 fin.
1171 3486 1231 3542 libr.
1250 3487 1289 3542 IV
1309 3492 1337 3542 et
1353 3488 1380 3542 V

256 3576 346 3630 hausti
379 3579 475 3630 essent.
520 3575 586 3627 Mihi
617 3579 707 3628 tamen
739 3575 823 3629 verba
854 3574 923 3628 haec
954 3573 989 3627 ad
1014 3572 1074 3626 libr.
1102 3571 1137 3626 de
1160 3572 1205 3626 fin.
1224 3573 1264 3628 IV
1291 3573 1380 3627 solum

255 3662 382 3717 videntur
404 3660 555 3728 respicere3
579 3675 672 3728 quem,
698 3676 758 3714 eum
780 3659 816 3713 de
834 3659 937 3713 ambitu
954 3658 1082 3712 librorum
1102 3657 1232 3712 Antiochi
1250 3676 1266 3712 ι
1283 3660 1380 3714 ceteris

256 3746 414 3801 dissentiam
437 3749 465 3800 et
482 3746 534 3800 huc
552 3745 587 3799 de
605 3760 687 3799 cause
704 3745 817 3799 alterum
834 3748 938 3798 tantum
956 3759 1050 3798 eorum
1068 3758 1194 3797 censeam
1211 3743 1247 3797 sd
1265 3744 1379 3798 Balbum

255 3833 366 3888 missum
383 3847 453 3901 esse,
472 3832 507 3886 ad
523 3831 716 3901 philosophum
728 3831 881 3886 Stoicorum
898 3821 1057 3898 disciplinae
1069 3829 1193 3883 deditum
1207 3830 1380 3885 verisimilius

256 3916 382 3972 existimo
401 3917 534 3972 directum
552 3917 639 3971 tuisse
657 3932 737 3985 qnam
755 3915 790 3970 de
808 3916 853 3970 fin.
863 3916 896 3970 V.

341 4005 361 4073 ³)
380 4004 472 4058 Hirzel
490 4003 566 4071 (ibid.
579 4002 621 4056 ΙΙΙ
632 4020 659 4072 p.
669 4003 729 4071 251)
753 4002 942 4071 comprobavit
959 4002 1120 4056 sententiam
1138 4001 1268 4070 Krisehii,
1292 4002 1381 4056 omnia

255 4106 271 4144 a
290 4090 305 4160 ξ
321 4094 350 4143 13
369 4089 405 4142 sd
422 4089 483 4156 §60
509 4103 545 4143 ex
562 4088 632 4143 Soso
657 4093 717 4142 ortu
740 4102 812 4142 esse.
847 4087 886 4141 At
908 4088 969 4157 ipse
988 4088 1116 4156 exposuit
1133 4091 1196 4156 (254
1208 4087 1293 4156 sqq.),
1318 4102 1379 4140 cum

255 4175 330 4243 prior
352 4173 544 4242 disputationis
567 4190 631 4242 pars
655 4188 742 4242 usque
764 4173 800 4227 ad
822 4172 883 4243 §39
903 4172 1006 4241 optime
1023 4173 1093 4227 inter
1111 4188 1141 4227 se
1159 4186 1263 4226 conexa
1280 4175 1308 4225 et
1325 4169 1379 4223 dis·

255 4259 344 4326 posita
369 4263 455 4327 esset,
479 4258 575 4314 ordine
599 4258 738 4328 praeclaro
756 4263 785 4313 ιι
802 4258 853 4328 ita,
878 4262 908 4312 ut
924 4257 1052 4314 refutatio
1070 4248 1298 4311 Academicorum
1316 4255 1378 4322 ιιι

256 4342 381 4400 absoluta
399 4348 473 4399 esset
490 4350 518 4400 ιι
534 4344 602 4399 nihil
619 4344 691 4400 ultro
710 4343 920 4415 desideraretur,
937 4340 1028 4400 tumen
1042 4343 1127 4414 pergi,
1146 4347 1174 4398 et
1185 4339 1379 4396 alienissimum
