3120 4972
1300 338 1339 398 15

219 509 353 582 sentitur,
382 528 400 568 a
421 508 517 568 verbis
538 508 689 568 videlicet:
718 509 786 568 Hoc
810 509 871 568 loeo
896 506 1078 584 Clrrysa'ppus
1195 507 1339 579 Quoniam

220 615 317 670 autem
345 611 412 688 §§5
436 615 464 670 et
487 613 505 669 6
536 613 737 671 constituimus
760 630 778 670 a
800 611 942 672 Cicerone
963 612 1150 687 interpositas
1173 629 1250 683 esse,
1279 612 1342 670 veri

220 714 397 773 simillimum
419 714 465 786 sit,
487 713 611 772 eundem
633 712 707 771 haec
729 731 845 787 quoque
862 713 981 772 aliunde
997 713 1147 784 adiecisse,
1170 714 1341 789 praesertim

220 833 284 876 cum
307 815 428 874 adrem
450 815 525 874 nihil
547 817 680 875 afferant:
703 816 789 874 immo
813 815 987 874 distinentur
1008 817 1043 874 iis
1066 815 1081 892 ξ
1101 814 1138 872 14
1161 815 1290 892 11117,
1314 820 1342 875 et

219 918 320 977 Cicero
349 936 409 977 non
438 918 511 976 vidit
540 936 577 977 ex
607 917 814 994 11131114
844 919 1062 976 conclusionem
1087 919 1152 993 ipsa
1173 914 1192 996 ξ
1211 920 1247 975 17
1271 918 1342 976 fieri.

218 1022 252 1078 In
285 1022 472 1079 contentione
503 1017 579 1098 περὶ
609 1018 766 1081 δυνατῶν
795 1020 918 1079 Diodori
947 1021 1119 1079 sententiam
1149 1020 1342 1095 philosophus

218 1125 317 1182 noster
345 1123 464 1198 probat,
495 1121 651 1198 Chrysippi
680 1123 838 1197 improbat,
867 1122 955 1197 idque
976 1126 1142 1198 tantopere,
1172 1125 1203 1180 11
1225 1122 1342 1182 studeat

219 1224 431 1297 demonstrare,
465 1226 490 1283 si
519 1223 711 1301 Chrysippus,
745 1242 820 1298 quac
850 1242 887 1283 ex
916 1225 1074 1300 praedictis
1104 1223 1210 1282 divinis
1240 1225 1277 1282 ab
1307 1242 1342 1284 eo

219 1328 413 1404 comprobatis
443 1333 668 1403 consequantur,
696 1332 777 1387 recte
804 1329 938 1402 colligat,
968 1329 1165 1387 necessarium
1192 1344 1255 1387 esse
1277 1345 1342 1385 eum

219 1429 349 1488 Diodoro
373 1431 507 1488 assentiri
529 1429 574 1506 (§§
593 1429 753 1505 131114).
791 1430 839 1488 Sic
861 1431 1024 1489 conciliatis
1046 1430 1169 1488 inimicis
1192 1430 1342 1488 sententiis

219 1532 270 1588 vel
299 1533 387 1588 unitis
418 1536 446 1589 11
469 1533 499 1588 11
522 1531 644 1590 eandem
667 1532 788 1605 coactis,
818 1531 958 1589 videlieet
979 1531 1114 1603 Diodori,
1143 1531 1209 1590 huic
1231 1548 1342 1590 summo

219 1631 282 1688 iure
297 1631 419 1689 Diodori
441 1634 534 1691 solum
556 1632 631 1690 indit
652 1650 758 1690 nomen
781 1636 810 1690 et
832 1651 868 1691 ex
890 1633 947 1692 hac
969 1634 1033 1691 sola
1055 1633 1150 1708 pergit
1164 1631 1341 1690 concludere

219 1733 249 1789 in
271 1733 287 1810 ξ
307 1735 356 1790 17:
378 1734 485 1793 Placet
504 1737 616 1808 igitar
636 1734 793 1793 Diodoro
902 1735 959 1794 Vix
974 1734 1115 1794 credibile
1131 1737 1182 1807 est,
1205 1735 1341 1809 quoniam

219 1851 250 1892 se
280 1837 465 1894 contentione
494 1837 548 1895 iila
577 1837 743 1896 introducta
773 1841 856 1896 extra
883 1856 944 1896 rem
974 1855 1123 1912 egressum
1152 1854 1216 1896 esse
1245 1836 1341 1913 philo·

219 1934 327 2011 sophus
352 1941 451 1996 noster
476 1956 535 1997 non
561 1939 728 2013 ignorabat,
759 1939 882 1998 eundem
908 1940 1011 1998 iterum
1034 1940 1111 1997 intra
1132 1938 1209 1998 hanc
1231 1939 1341 2013 digres-

218 2039 327 2096 sionem
362 2041 449 2097 aliam
479 2041 595 2099 minime
624 2043 819 2100 necessariam
849 2043 1035 2101 interiecisse.
1086 2043 1163 2117 Ergo
1193 2041 1341 2101 Ciceronis

218 2142 356 2216 propriae
389 2148 455 2201 sunt
487 2142 521 2218 §5
539 2144 576 2201 15
605 2147 634 2201 11
663 2145 713 2215 16;
747 2148 777 2201 at
810 2143 886 2202 unde
919 2144 1019 2203 ortae?
1062 2145 1138 2202 Nam
1166 2145 1260 2219 ipsum
1290 2162 1339 2202 ex·

218 2244 362 2317 cogitasse
391 2243 468 2302 hane
490 2244 647 2319 Chrysippi
675 2245 879 2304 refutationem
905 2263 960 2320 ego
983 2245 1098 2319 quidem
1120 2264 1179 2304 non
1202 2245 1340 2304 concedo.

220 2344 284 2415 Qua
312 2345 348 2405 de
378 2363 466 2404 eausa
495 2364 554 2404 nou
584 2364 620 2404 ex
648 2347 718 2423 ipsis
741 2347 898 2422 Chrysippi
924 2346 1020 2421 libris,
1050 2365 1122 2423 quos
1145 2365 1210 2406 eum
1232 2349 1340 2422 legisse

218 2451 330 2507 certum
359 2451 414 2521 est,
445 2448 497 2507 sed
527 2451 577 2506 aut
606 2466 643 2506 ex
670 2448 853 2508 Clitomacho
885 2453 934 2507 aut
963 2467 999 2508 ex
1021 2450 1160 2508 Panaetio
1187 2450 1341 2509 fluxerunt.

218 2550 282 2624 Ego
305 2552 366 2609 veri
388 2551 510 2610 similius
533 2554 602 2626 puto
618 2551 789 2610 Panaetium
812 2568 874 2610 esse
897 2550 1015 2626 sontem,
1038 2570 1075 2611 ex
1097 2569 1154 2626 quo
1177 2551 1213 2610 de
1237 2552 1295 2614 div,
1310 2553 1340 2609 ΙΙ

217 2652 251 2729 11
267 2656 392 2712 87-97
416 2653 518 2713 Cicero
547 2655 749 2729 exscripserat.
793 2654 945 2712 Nonnulla
971 2655 1034 2730 ipse
1055 2653 1180 2727 addidit,
1208 2655 1339 2729 inprimis

217 2773 265 2829 ea,
299 2756 401 2831 quibus
432 2755 612 2833 Chrysippus
645 2755 779 2814 illuditur
812 2755 840 2833 (1
858 2756 909 2815 15:
946 2756 970 2815 O
1004 2757 1152 2815 licentia-m
1180 2757 1340 2815 1111111111

218 2856 369 2934 [111381
395 2861 515 2932 1111111
537 2858 705 2917 trucidatio
725 2858 933 2934 1111111111)
964 2858 1047 2917 docet
1069 2856 1250 2931 Chaldaeos,
1283 2875 1339 2931 qao

211 2964 303 3031 pacto
331 2977 378 3019 eos
405 2977 544 3034 1111111111
563 2965 704 3033 percepta
730 2963 884 3035 oporteat).
926 2959 1038 3018 Eodem
1060 2978 1131 3020 vero
1154 2961 1242 3020 etiam
1264 2977 1339 3035 quae

217 3061 247 3118 in
270 3061 335 3136 111
362 3062 397 3120 de
413 3064 558 3135 perceptis
582 3065 656 3122 artis
678 3063 786 3139 scripta
809 3067 883 3136 sunt,
907 3080 982 3136 qaae
999 3061 1116 3123 Graeca
1134 3054 1339 3144 θεωρήματα

218 3163 363 3236 dicantar,
384 3165 555 3238 respiciunt;
578 3168 686 3238 quanta
708 3181 776 3240 pars
799 3167 867 3236 §12
890 3165 959 3223 inde
974 3168 1089 3241 sumpta
1104 3166 1148 3241 sit,
1170 3185 1230 3224 non
1245 3165 1338 3224 audeo

217 3263 387 3323 diiudicare.
431 3265 547 3324 Certum
576 3264 632 3323 hoc
662 3270 706 3324 111
730 3265 897 3325 Ciceronem
926 3266 1116 3326 similitudine
1139 3268 1266 3343 exempli
1288 3267 1338 3325 ad·

217 3366 347 3440 ductum,
379 3384 465 3441 quem
495 3368 665 3426 meminerat
695 3384 726 3426 se
754 3369 875 3442 legisse,
905 3369 1085 3428 consimilem
1115 3370 1212 3428 locum
1243 3369 1339 3428 denuo

216 3469 361 3529 evolvisse
395 3473 423 3529 et
455 3469 513 3528 huc
544 3470 713 3541 inseruisse;
746 3470 784 3529 ad
813 3470 934 3528 verbum
964 3475 1060 3529 autem
1089 3471 1163 3530 haec
1192 3471 1339 3548 descripta

216 3588 274 3628 non
297 3575 372 3645 sunt,
395 3577 473 3631 certe
496 3590 554 3630 non
577 3572 658 3649 112,
681 3573 706 3631 11
727 3571 844 3647 quidem
865 3573 949 3632 illino
972 3577 1037 3632 orta
1058 3578 1110 3634 est.

300 3673 342 3730 At
368 3672 441 3732 haec
464 3674 666 3750 paragraphus
688 3673 758 3748 quid
780 3674 834 3733 sibi
856 3677 961 3750 vellet,
983 3676 1053 3735 mihi
1076 3676 1270 3736 confitendum
1293 3680 1338 3736 est

217 3789 261 3830 me
291 3792 393 3848 parum
421 3777 614 3852 perspexisse.
658 3776 693 3835 Id
722 3794 892 3852 persuasum
919 3777 1028 3852 haheo,
1059 3796 1095 3837 ex
1124 3779 1229 3839 eodem
1249 3780 1337 3852 tonte,

215 3874 294 3933 unde
321 3875 354 3951 §§
374 3877 508 3950 13-14,
538 3877 615 3938 hanc
644 3877 820 3954 descriptam
848 3897 908 3938 non
937 3897 1009 3939 esse.
1053 3881 1143 3957 Apud
1166 3881 1337 3940 Ciceronem

216 3976 292 4034 euim
314 3975 362 4035 hic
385 3981 429 4037 est
451 3978 522 4036 ordo
545 3981 816 4054 argumentationis:
839 4001 857 4038 a
871 3982 1015 4057 principio
1034 3982 1179 4041 inducitur
1194 3983 1337 4058 exemplis

215 4078 243 4152 (1
263 4078 325 4152 13),
356 4082 416 4137 tum
445 4079 560 4138 demum
589 4081 724 4140 inimicae
754 4082 810 4141 sibi
836 4087 1022 4160 opponuntur
1045 4084 1205 4143 sentcntiae
1228 4080 1258 4162 (ᾗ
1277 4081 1337 4160 13),

299 4296 321 4364 ¹)
339 4294 400 4350 Hoc
418 4310 500 4365 quam
518 4295 632 4351 maxlme
650 4295 799 4353 absurdum
817 4302 869 4353 est.
