3120 4972
1254 389 1295 448 43

173 566 266 639 valet,
295 564 413 641 gravius
443 567 498 638 est,
528 564 606 639 qnod
633 580 691 623 non
713 580 829 639 semper
851 562 1031 623 dubitatione
1054 578 1198 635 caremus,
1228 579 1295 621 nnm

172 669 281 745 passim
313 668 430 726 nomina
462 667 499 726 ab
528 665 676 726 Antiocho
708 666 826 743 proprie
855 665 989 743 indita‚¹)
1017 667 1149 741 inprimis
1178 665 1296 723 nomina

174 788 326 830 causarum
354 770 491 845 religiose
521 768 693 828 reddiderit:
724 767 760 828 de
783 767 957 827 difficillima
980 769 1053 841 §32
1075 769 1216 827 incertum
1240 766 1296 826 lroo

173 877 242 948 puto
270 875 300 932 et
328 873 428 944 miror,
458 870 536 947 quod
566 870 597 929 in
623 871 710 931 tertia
730 875 814 947 parte
842 871 1005 931 variantur:
1035 872 1069 928 in
1099 871 1296 929 universum

174 975 332 1048 autemid,
355 973 446 1050 quod
461 972 660 1033 Antiochus
680 974 798 1034 dicere
814 973 970 1046 volebat,
993 977 1088 1032 recte
1104 971 1296 1031 tradidisse

173 1077 298 1137 ridetur.
335 1079 506 1154 Complures
530 1076 657 1153 denique
679 1079 761 1136 locos
784 1077 845 1136 eius
866 1076 944 1136 modi
959 1076 1047 1137 oredo
1063 1093 1136 1151 esso,
1158 1080 1190 1134 ut
1203 1076 1296 1151 prinro

173 1182 237 1239 visu
260 1184 453 1256 cognoscatur
472 1179 644 1239 adverbum
660 1197 710 1239 eos
726 1197 789 1239 esse
805 1196 969 1252 conversos,
991 1179 1118 1238 velutin
1133 1176 1214 1253 §21:
1236 1177 1297 1236 Hic

167 1286 298 1358 priorum
329 1285 361 1342 si
387 1284 473 1342 auidi
504 1284 614 1342 libeat
643 1285 782 1343 assentiri
808 1282 939 1350 Epicuro
1052 1298 1126 1340 cauo
1148 1281 1297 1355 plagiario

168 1387 292 1459 potius
316 1387 487 1459 accipiam
510 1403 599 1458 uuam
619 1387 686 1460 sato
702 1387 800 1443 misnia
815 1385 881 1456 sieri
902 1384 1125 1457 corripiebatur
1150 1383 1205 1441 illa
1221 1384 1297 1441 cuim

174 1489 320 1546 scritcritia
342 1487 430 1545 trahet
451 1488 567 1560 ‹iliqriid
586 1487 803 1560 disputationis,
826 1486 898 1544 liaeo
914 1503 977 1544 uero
994 1502 1054 1544 riou
1069 1489 1113 1544 est
1127 1484 1296 1554 tolerabilis,

175 1593 205 1647 ct
227 1606 301 1663 quac
324 1592 483 1663 sequuntur
505 1605 596 1663 nsque
619 1587 657 1647 ad
679 1587 762 1663 §25:
785 1605 844 1646 non
865 1604 985 1647 necesse
1000 1592 1044 1646 est
1057 1591 1199 1662 repetere,
1222 1603 1298 1662 quiae

175 1708 264 1765 supra
285 1693 324 1766 (p.
338 1691 390 1765 20)
413 1689 449 1750 de
471 1689 553 1766 pro:
576 1707 613 1749 ue
636 1707 734 1749 murres
748 1689 869 1764 physici
891 1690 1035 1748 irrideant
1055 1706 1110 1749 nos
1125 1691 1154 1748 et
1169 1687 1205 1747 de
1220 1705 1298 1747 com·

175 1797 285 1851 mutata
300 1793 431 1851 oratione
443 1791 476 1869 ἓξ
489 1793 529 1850 23
541 1795 569 1851 et
582 1792 630 1864 24,
645 1811 673 1869 p.
684 1793 723 1850 33
739 1791 776 1852 de
791 1791 871 1868 §232
888 1792 1004 1851 etiamsi
1018 1793 1049 1850 si
1055 1794 1067 1849 t
1080 1796 1195 1850 atoruus
1207 1806 1299 1863 capric

176 1895 300 1954 declinet
321 1893 508 1953 ostendimus.
545 1895 601 1953 Hic
624 1896 711 1954 etiam
733 1893 824 1953 verba
845 1895 908 1967 illa,
931 1911 1005 1969 quiae
1028 1892 1106 1971 apud
1129 1892 1298 1953 Ciceronem

175 1995 302 2055 absurda
332 2000 411 2068 sunt,
442 2014 513 2072 opus
537 2001 581 2057 est
604 2014 829 2056 commemorare
852 1997 880 2072 (ξ
900 1996 962 2073 17);
994 1996 1052 2071 Qui
1076 1997 1155 2055 laius
1178 1997 1300 2070 attiupit

175 2100 252 2158 iiiruc
280 2101 487 2172 quaestionem.
531 2100 566 2157 ln
593 2101 666 2171 ι313
692 2100 836 2158 nonnulla
863 2103 1037 2158 commutata
1059 2116 1122 2157 esse
1144 2097 1298 2175 probabile

177 2207 228 2274 est,
252 2202 338 2260 etiam
361 2201 537 2278 apostrophe
560 2201 598 2260 ad
614 2201 809 2278 Chrysippum
832 2200 910 2260 iacta
925 2201 1073 2262 Ciceronis
1095 2218 1158 2260 esse
1174 2199 1297 2260 videtur.

175 2304 278 2363 Cetera
300 2302 386 2363 huius
407 2304 499 2381 partis
521 2307 551 2362 et
572 2304 725 2363 universae
746 2303 808 2363 iere
830 2304 924 2380 prima
945 2307 975 2363 et
994 2304 1079 2362 tertia
1093 2307 1192 2378 partos
1207 2303 1297 2362 verbo

175 2410 260 2465 tenus
282 2407 443 2465 translatae
465 2405 609 2465 videntur.

259 2509 323 2568 Nee
351 2507 460 2567 absona
482 2510 607 2569 suntab
629 2507 686 2568 hac
707 2509 819 2568 ratione
843 2507 990 2568 Ciceronis
1013 2508 1103 2583 ipsius
1124 2509 1297 2568 testimonia.

175 2609 329 2670 Profitetur
351 2611 415 2686 ipse
437 2610 510 2669 ao.I
533 2611 618 2683 §142
651 2611 729 2686 Quid
751 2615 794 2670 est
816 2613 905 2680 uitia,
928 2611 1007 2683 picard
1026 2611 1131 2669 ursatius
1153 2629 1242 2683 prorius
1265 2629 1298 2670 ac

175 2711 353 2772 Antiocho
375 2715 437 2771 iaus
452 2715 570 2786 pridem
592 2714 698 2772 audita
719 2715 869 2773 recordari
887 2718 917 2772 et
930 2714 1020 2774 struat
1033 2714 1138 2782 uiatore,
1160 2715 1298 2772 satisuc

176 2833 216 2874 aa
245 2816 417 2874 carriiuodc
444 2815 516 2874 diei
537 2818 684 2888 possint
702 2814 846 2888 Latiae,
872 2814 922 2874 ubi
944 2833 1075 2891 premere
1097 2816 1190 2888 iuvat,
1220 2815 1298 2890 quod

175 2917 212 2977 de
234 2919 298 2994 ipso
321 2917 469 2977 Antiocho
492 2916 565 2977 haec
587 2917 678 2976 verba
699 2916 780 2990 fiunt,
803 2919 834 2979 ct
857 2921 1006 2990 annotare,
1027 2916 1130 2993 paucis
1151 2917 1225 2977 locis
1248 2935 1298 2976 ex-

176 3021 280 3096 ceptis,
310 3020 359 3094 qni
381 3018 523 3080 facillime
546 3019 749 3079 discernuntur
771 3023 800 3094 (ξ
817 3021 848 3092 8,
872 3022 907 3093 ἓξ
924 3020 1070 3091 25-26,
1093 3022 1109 3092 ἓ
1127 3020 1179 3094 33,
1203 3022 1219 3092 ἓ
1237 3019 1297 3093 35),

176 3139 194 3178 a
223 3120 372 3194 §15-3
392 3121 431 3178 42
465 3122 562 3180 omnia
591 3121 684 3180 videri
713 3122 801 3180 simili
831 3121 917 3181 modo
947 3123 1088 3181 translata
1117 3138 1181 3180 esse
1210 3126 1297 3195 atquo

175 3223 310 3281 libellum
333 3222 370 3281 de
393 3221 461 3281 sato.
496 3224 557 3282 Illa
581 3241 647 3282 vcro
670 3241 729 3282 non
751 3224 846 3283 solum
869 3223 906 3283 de
929 3223 1050 3282 vocibus
1073 3221 1246 3298 quibusdam
1269 3227 1298 3282 et

175 3325 339 3384 nominibus
353 3325 458 3383 Latina
479 3325 583 3401 lingua
605 3325 748 3385 novandis
771 3326 827 3385 dici
849 3325 901 3385 sed
924 3325 960 3384 dc
979 3329 1048 3398 tota,
1071 3343 1146 3400 quae
1161 3326 1298 3399 sequitur,

176 3429 307 3486 oratione
322 3428 408 3487 ctiam
424 3425 492 3486 inde
505 3431 634 3504 apparet,
650 3427 738 3504 quod,
754 3427 803 3487 uhi
815 3445 888 3503 opus
899 3445 963 3487 esse
974 3427 1097 3499 videtur,
1113 3426 1190 3486 idem
1202 3426 1297 3487 denuo

176 3546 227 3589 suo
249 3531 315 3589 loco
338 3533 470 3589 monetur
489 3531 572 3588 velut
590 3532 658 3590 acl
674 3529 707 3606 ἐξ
720 3531 853 3604 24-26,
876 3531 906 3589 II
924 3531 970 3590 15.
991 3532 1035 3589 17.
1055 3532 1101 3590 18.
1118 3531 1166 3588 22.
1183 3531 1232 3588 26.
1248 3530 1298 3593 27.

177 3631 215 3689 31
240 3637 294 3692 eto.
338 3633 471 3691 Alterum
498 3637 593 3691 autem
620 3634 729 3704 locum,
756 3632 793 3691 de
819 3632 924 3691 fiulll
946 3633 962 3709 ξ
982 3633 1032 3707 15,
1060 3649 1232 3708 quamquam
1259 3631 1297 3690 ad

176 3732 337 3792 Stoicorum
354 3735 533 3810 potissimum
548 3735 668 3810 respicit
682 3735 832 3809 rationem,
856 3753 929 3810 quae
946 3736 1099 3809 (difficilius
1114 3735 1255 3809 quiddam
1271 3739 1300 3793 ct

177 3839 326 3897 obscurius
348 3838 452 3897 lrahcrc
474 3842 616 3912 narratur,
639 3842 736 3898 tamen
758 3837 796 3897 ad
819 3843 947 3897 nostram
967 3856 1082 3915 quoque
1098 3839 1297 3913 quaestionem

176 3938 285 3999 referre
324 3957 488 4016 possamus,
530 3942 666 4017 quoniam
707 3940 783 4000 hanc
823 3959 939 4016 quoquo
977 3941 1127 4000 obscurum
1164 3941 1297 4016 appellat

176 4042 278 4103 Cicero
301 4044 358 4115 (gl
381 4047 410 4102 et
430 4042 544 4104 Gellius
559 4043 615 4102 Vll
632 4046 659 4116 2,
673 4045 735 4118 15):
757 4044 829 4103 Nae
853 4048 967 4103 tarrac-u
991 4045 1137 4116 auprirui
1158 4044 1297 4102 rorhuru

177 4161 191 4202 c
223 4144 324 4202 uerbo
356 4161 500 4204 necesse
533 4147 612 4215 erit,
646 4149 684 4204 ut
716 4147 929 4218 interpretes
963 4145 1133 4204 indiserti
1167 4145 1296 4214 solarii,

261 4363 282 4434 ¹)
300 4360 333 4416 Id
351 4361 427 4433 quod
444 4361 488 4417 hio
505 4361 615 4417 minoris
633 4365 676 4416 est
693 4361 821 4416 momenti
839 4377 919 4431 quam
937 4361 964 4416 in
981 4376 1021 4417 ae
1033 4360 1060 4417 11
1079 4360 1114 4431 §h
1129 4365 1158 4416 ru
1172 4376 1233 4431 sqq.
