3120 4972
219 506 258 565 30

218 697 281 738 esse
311 680 501 739 assentiamur
523 677 735 742 Schmechelio.
778 680 853 738 Nam
883 679 997 738 etiamsi
1025 680 1170 738 nonnulla
1196 699 1232 740 ex
1255 674 1339 760 ξ44,

217 782 348 857 inprimis
381 783 438 841 illa
467 782 568 855 verba,
601 799 676 856 quae
707 781 883 841 Antiochum
915 781 1058 855 indicant,
1091 787 1123 841 ut
1152 802 1170 839 a
1199 783 1339 843 Cicerone

217 883 344 956 adiecta,
373 883 449 942 demi
478 888 609 959 possent,
639 884 668 941 id
695 884 773 958 qnod
795 902 979 959 nequaquam
1002 883 1145 959 concedo,
1174 888 1272 942 tamen
1295 904 1339 944 re-

217 987 358 1060 linquitur
387 988 480 1044 omnis
509 986 737 1062 philosophandi
768 987 843 1045 ratio
873 985 958 1045 huius
985 988 1087 1062 partis:
1118 1004 1152 1044 ea
1179 1004 1248 1044 vero
1271 989 1339 1045 talis

217 1092 269 1162 est,
292 1092 323 1146 ut
344 1089 405 1147 illis
428 1089 525 1146 verbis
547 1087 578 1146 id
599 1093 711 1146 tantum
733 1089 861 1147 breviter
883 1088 1061 1163 significetur
1080 1094 1109 1149 et
1125 1090 1339 1164 comprimatur,

217 1189 296 1264 quod
325 1189 380 1248 hac
406 1194 490 1266 parte
512 1195 574 1249 tcta
596 1189 728 1249 eflicitur.
772 1192 811 1250 Ut
833 1198 917 1250 notos
939 1191 1071 1250 homines
1094 1209 1130 1250 ex
1152 1190 1252 1249 habitu
1274 1193 1338 1249 solo

217 1295 246 1350 et
274 1291 367 1366 figura
395 1293 479 1350 vultu
506 1293 658 1367 oculisque
681 1311 740 1351 nou
762 1295 926 1369 conspectis
948 1296 1053 1368 procul
1074 1294 1269 1368 agnoscimus,
1298 1295 1339 1350 ita

217 1395 326 1453 omnis
349 1395 438 1452 ratio
461 1394 564 1454 huius
586 1396 698 1470 partis
714 1395 927 1454 Antiochum
949 1397 1056 1471 sapit3
1077 1397 1134 1453 illa
1149 1413 1219 1453 vero
1234 1397 1338 1454 verba:

216 1497 309 1554 uerbis
343 1514 402 1566 eos,
435 1514 496 1556 nou
527 1515 559 1555 re
591 1497 731 1557 dissidere
764 1499 847 1571 quasi
879 1499 957 1557 oculi
989 1497 1159 1573 philosophi
1169 1497 1193 1573 ¹)
1218 1496 1340 1572 putandi

217 1603 295 1671 sunt3
324 1600 374 1657 rix
404 1601 498 1658 minus
528 1604 638 1659 eertum
669 1604 735 1659 sunt
756 1600 893 1659 indicium
918 1618 1004 1675 quam
1025 1618 1133 1659 nomen
1155 1601 1216 1658 eius
1238 1601 1339 1675 ipsum.

302 1700 360 1761 seo
388 1703 507 1778 insuper
535 1703 595 1761 alia
617 1704 720 1763 afferre
742 1721 894 1778 possumus
918 1703 1102 1763 documenta:
1132 1722 1200 1761 nam
1222 1703 1340 1761 maximi

216 1805 354 1881 ponderis
376 1812 420 1864 est
442 1823 601 1865 consensus
624 1807 833 1864 sententiarum
855 1824 941 1880 quam
964 1807 1147 1881 plenissimus
1169 1807 1245 1864 inter
1263 1806 1340 1864 hanc

216 1911 327 1983 partem
352 1911 380 1967 et
403 1925 445 1966 ac.
461 1908 490 1965 lI
512 1907 545 1984 ἓξ
562 1910 693 1966 37-39
717 1909 758 1982 (et
780 1908 795 1984 ξ
813 1909 864 1982 30)
887 1908 1121 1983 intercederem)
1145 1926 1179 1965 ea
1201 1906 1340 1966 Antiochi

217 2027 280 2068 esse
302 2027 386 2068 nemo
409 2008 562 2067 infitiatur:
586 2027 656 2083 ergo
678 2009 752 2068 haec
775 2027 890 2084 quoque
905 2010 1045 2068 Antiochi
1067 2028 1131 2068 esse
1152 2026 1272 2068 necesse
1288 2011 1339 2067 est.

217 2110 340 2171 Omnino
370 2115 467 2170 autem
494 2111 551 2170 diei
578 2115 677 2187 potest
698 2112 867 2172 Ciceronem
890 2112 1031 2171 Antiochi
1052 2113 1143 2171 libros
1165 2130 1223 2170 non
1246 2112 1339 2169 minus

216 2208 305 2289 saepe
342 2213 380 2271 ad
424 2213 652 2276 conscribendos
689 2231 755 2273 suos
799 2215 990 2289 assumpsisse
1034 2232 1120 2288 quam
1157 2212 1339 2274 Clitomachi.

216 2316 367 2375 Postremo
397 2316 483 2374 nulla
513 2317 573 2375 alia
602 2317 770 2375 coniectura
800 2316 945 2376 declarari
971 2318 1063 2392 possit
1085 2319 1233 2375 auctorem
1255 2315 1340 2374 huius'

216 2417 422 2492 disputationis
445 2421 474 2477 et
495 2419 674 2478 Carneadem
697 2424 726 2478 et
741 2419 937 2495 Chrysippum
959 2421 1071 2494 aequis)
1091 2422 1178 2494 atque
1198 2419 1340 2477 venerari.

215 2521 291 2578 Nam
324 2538 389 2595 noe,
423 2521 559 2595 quoniam
591 2525 712 2597 partes
745 2521 1000 2581 antecedentes
1033 2540 1070 2580 ex
1096 2520 1248 2581 Carneade
1281 2538 1341 2578 non

215 2623 332 2681 fluxisse
362 2622 552 2696 ostendimus,
585 2623 677 2681 nihil
709 2624 867 2699 impedit,
901 2625 1082 2698 quominus
1117 2623 1229 2683 eidem
1261 2623 1339 2682 red-

216 2723 333 2782 damus
358 2724 550 2797 Antiocho,
579 2742 638 2782 una
661 2724 776 2798 quidem
798 2725 914 2783 sublata
936 2725 1120 2785 difficultate:
1147 2726 1241 2800 primo
1263 2726 1340 2783 enim

216 2827 406 2886 admiratione
428 2825 579 2900 afficimur,
607 2826 697 2902 quod,
723 2831 878 2903 postquam
900 2831 988 2886 antea
1009 2829 1092 2903 quasi
1113 2831 1273 2902 pugnatum
1297 2830 1341 2885 est

215 2929 245 2987 in
268 2929 477 3005 Chrysippum,
505 2929 582 2988 idem
609 2931 705 2989 subito
734 2932 843 2989 orditer
864 2931 1039 2990 honorarius
1061 2930 1237 2988 nominatur:
1264 2946 1339 3003 quae

215 3031 292 3090 inter
321 3049 351 3090 se
381 3049 513 3107 pugnare
542 3031 736 3108 philosophus
766 3033 828 3108 ipse
859 3033 975 3092 videtur
1004 3033 1128 3092 sensisse
1157 3034 1186 3090 et
1212 3031 1248 3089 ob
1276 3048 1339 3089 eam

216 3151 333 3192 eausam
355 3135 386 3191 in
408 3134 479 3211 §39
503 3134 575 3193 haec
597 3135 818 3210 interposuisse:
843 3135 911 3194 dum
934 3139 1033 3194 autera
1053 3135 1147 3194 uerbis
1161 3135 1257 3192 utitur
1270 3135 1340 3202 suis,

218 3236 366 3295 delebitur
393 3239 426 3295 tu
454 3254 504 3296 eus
532 3237 736 3310 difficultates,
764 3240 800 3295 ut
819 3239 1022 3297 necessitatem
1042 3237 1103 3312 feti
1125 3237 1275 3310 confirmet
1294 3238 1339 3294 iu-

215 3339 307 3398 ea'tus:
338 3339 424 3413 haec,
451 3340 507 3397 nisi
534 3358 569 3398 ea
596 3340 709 3399 rationo
736 3341 846 3416 scripta
873 3357 936 3399 esse
963 3341 1187 3416 intelleguntur,
1214 3338 1341 3398 absurda

217 3444 296 3512 sunt3
319 3441 360 3500 sic
382 3459 452 3500 vero
475 3459 511 3500 ea
532 3442 597 3517 ipse
620 3442 705 3516 signa
725 3445 838 3517 putem,
867 3459 942 3515 quae
960 3442 1153 3514 antecedunt,
1182 3444 1281 3516 partes
1303 3439 1339 3497 ab

217 3541 319 3601 eodem
352 3547 470 3602 auctore
504 3545 679 3619 compositas
712 3561 776 3603 esse
811 3547 898 3618 atque
931 3544 1010 3603 hane
1041 3544 1251 3618 postremamt)
1304 3542 1341 3600 ut

303 3693 324 3758 ¹)
343 3690 384 3746 Ci.
403 3691 470 3745 ael
488 3691 504 3762 ς
519 3697 549 3746 17
574 3696 601 3746 et
625 3693 660 3748 de
685 3692 729 3746 fin.
742 3692 790 3762 IV,
815 3693 888 3747 unde
911 3696 970 3747 orta
992 3696 1056 3747 sunt
1078 3706 1118 3746 ae.
1130 3692 1158 3744 ll
1175 3690 1236 3761 §15
1260 3695 1288 3745 et
1305 3691 1341 3746 do

216 3780 270 3831 nat.
283 3776 385 3831 deuel
402 3776 419 3846 ἕ
434 3781 473 3831 16.

301 3864 323 3932 ²)
342 3862 447 3916 Eadem
469 3862 591 3917 nituntur
614 3864 750 3918 sententia
773 3863 809 3918 do
831 3863 915 3919 fin.V
932 3863 994 3934 §36
1013 3867 1041 3918 et
1059 3867 1105 3918 39:
1129 3862 1208 3917 huius
1230 3873 1341 3931 quoque

217 3947 272 4001 loci
289 3952 386 4002 auctor
403 3947 556 4010 Antiochus
575 3953 626 4003 est.

302 4035 324 4102 ⁸)
344 4033 386 4088 Cf.
405 4034 485 4088 etiam
504 4049 544 4104 ea,
563 4049 633 4102 quae
650 4050 732 4104 supra
749 4035 785 4089 de
803 4035 864 4105 §25
882 4035 1035 4104 suspicatus
1053 4050 1113 4090 sum
1133 4035 1169 4104 (p.
1182 4039 1215 4089 20
1233 4035 1294 4088 adn.
1306 4036 1341 4103 1).

301 4123 324 4186 ⁴)
343 4120 497 4174 Meminisse
520 4124 642 4188 oportet,
667 4121 714 4174 ubi
737 4121 926 4175 vehementius
945 4121 973 4175 in
990 4121 1173 4190 Chrysippum
1190 4120 1342 4187 incurritur,

217 4202 246 4256 id
267 4220 283 4259 a
302 4204 434 4260 Cicerone
456 4205 517 4274 ipso
540 4204 598 4259 fieri
620 4205 676 4274 (§7
696 4205 798 4274 [laquei
810 4228 844 4252 =
857 4206 891 4261 do
910 4222 947 4261 or.
968 4206 980 4259 l
999 4207 1073 4274 543]
1092 4205 1150 4276 §12
1169 4205 1202 4275 ἓξ
1219 4205 1340 4271 15-16);

218 4289 277 4358 §tl
298 4295 390 4344 autem
409 4307 469 4344 cum
487 4291 548 4359 §38
567 4291 749 4358 comparanda
767 4295 816 4345 est.
852 4292 966 4357 Omnino
985 4307 1051 4346 vero
1070 4290 1105 4345 ab
1123 4289 1260 4344 Antiocho
1279 4289 1340 4356 ipso

217 4372 303 4428 lenius
326 4381 355 4429 et
377 4375 538 4445 placabilius
562 4376 718 4431 dimicatur:
742 4377 845 4444 passim
869 4377 1002 4447 (inprimis
1026 4376 1059 4447 ἐξ
1072 4381 1101 4431 31
1122 4380 1151 4431 et
1168 4375 1212 4443 38)
1234 4373 1341 4444 probat,

218 4473 288 4529 quae
306 4460 422 4529 probare
440 4466 540 4531 potest.
