3120 4972
372 919 431 1028 De
461 967 669 1042 compositione
699 969 728 1025 et
757 965 837 1025 fonte
866 965 935 1024 libri
957 964 1106 1024 Ciceronis
1134 963 1171 1023 de
1196 963 1257 1024 fato
1278 964 1410 1040 inscripti

286 1069 376 1128 fusius
406 1072 527 1143 egerunt
557 1067 750 1142 Meineclrius,
780 1066 995 1140 Schmelrelius,
1024 1067 1172 1138 Stuevius3
1201 1067 1290 1126 tontis
1320 1083 1407 1142 quae·

287 1172 410 1229 stionem
431 1171 559 1229 breviter
581 1169 723 1229 Cauchius
747 1174 775 1229 et
797 1171 899 1243 Hoyer
921 1170 1088 1245 attigerunt.
1118 1168 1269 1229 Conducet
1284 1167 1410 1240 Cerckii,

288 1273 337 1346 qui
358 1272 467 1347 primus
490 1270 527 1330 de
544 1271 625 1331 fonte
639 1271 736 1331 libelli
751 1273 843 1331 nostri
859 1272 1033 1331 sententiam
1047 1272 1189 1347 vulgavit,
1213 1271 1409 1330 coniecturam

286 1377 390 1450 postea
416 1391 481 1431 cum
504 1372 684 1433 Schmelrelii
705 1375 850 1432 sentent-ia
872 1373 1007 1432 conferre
1029 1376 1058 1431 et
1080 1393 1098 1431 a
1119 1371 1309 1446 Meineokiil)
1333 1390 1409 1431 com-

287 1476 464 1534 mentatione
486 1475 599 1533 initium
621 1474 725 1548 facere,
757 1476 806 1549 qui
829 1474 865 1533 de
887 1473 968 1533 fonte
991 1474 1108 1549 quidem
1129 1475 1240 1533 censuit
1262 1473 1341 1550 (pag.
1359 1472 1409 1548 14)

286 1594 340 1652 per
367 1594 480 1635 omnem
506 1574 568 1634 fere
593 1575 701 1634 librum
723 1579 853 1634 nostrum
876 1575 1010 1636 Ciceroni
1031 1575 1182 1633 Posidonii
1203 1571 1279 1655 περὶ
1302 1569 1410 1654 sipoto·

286 1675 386 1760 μένης
408 1695 482 1753 opus
504 1681 620 1753 praesto
642 1676 742 1750 subse,
773 1679 929 1750 nonnulla,
958 1677 1091 1752 inprimis
1114 1679 1249 1752 exempla
1271 1677 1410 1746 Romana,

287 1781 323 1838 ab
345 1781 409 1855 ipso
433 1797 497 1840 esse
520 1780 628 1838 addita.
667 1779 709 1838 At
724 1779 910 1838 Posidonium
930 1780 1035 1838 scimus
1052 1779 1101 1853 (dc
1116 1779 1174 1837 div.
1189 1779 1204 1836 Ι
1219 1779 1252 1855 ἐξ
1267 1779 1325 1836 125
1335 1777 1410 1854 sqq.)
1471 1769 1475 1774 ’

287 1883 450 1942 Stoicorum
472 1900 552 1941 more
575 1880 740 1940 defendisse
762 1880 823 1940 fato
845 1882 942 1940 omnia
958 1880 1030 1954 fieri,
1052 1880 1082 1939 id
1098 1881 1176 1955 quod
1190 1881 1296 1939 libello
1312 1884 1410 1939 nostro

286 2003 388 2043 verum
417 2001 482 2044 csse
508 1988 644 2059 negatum
674 1985 770 2060 posita
797 1991 892 2042 autem
918 1983 992 2042 haec
1019 1984 1119 2058 opinio
1146 1986 1189 2042 est
1214 1984 1244 2041 in
1269 1982 1302 2059 ἐξ
1319 1983 1410 2055 5-7,

288 2104 325 2144 ex
346 2084 451 2160 quibus
473 2087 546 2161 ipsis
568 2087 665 2144 elucet
686 2085 764 2144 hunc
787 2085 902 2159 quidem
919 2087 1016 2143 locum
1032 2084 1077 2161 (ἐξ
1090 2084 1184 2158 5-6)
1200 2102 1237 2142 ex
1251 2082 1410 2142 Posidonio

287 2205 351 2246 esse
374 2191 526 2263 sumptum,
548 2187 601 2245 sed
623 2186 763 2263 deinceps
788 2186 825 2245 ad
842 2189 930 2245 alium
946 2192 1093 2246 auctorem
1109 2186 1279 2247 Ciceronem
1294 2187 1411 2245 reverti.

288 2289 370 2360 Quae
396 2307 466 2348 vero
494 2289 530 2348 de
553 2290 676 2364 singulis
697 2290 829 2365 partibus
851 2288 1032 2348 Meineekius
1055 2290 1234 2362 observavit,
1263 2290 1318 2348 etsi
1339 2307 1410 2347 non-

287 2392 371 2449 nulla
397 2390 550 2467 probanda
572 2395 650 2464 sunt,
677 2395 774 2450 tamen
797 2391 976 2450 omniafere
999 2393 1144 2451 erroribus
1167 2395 1233 2450 suut
1255 2391 1410 2467 permixta3

288 2492 325 2551 de
356 2493 563 2567 compositione
593 2492 719 2569 denique
748 2495 836 2552 totius
864 2491 1068 2568 disputationis
1091 2496 1121 2551 et
1142 2493 1303 2553 conexione
1325 2509 1411 2568 argu-

288 2598 461 2669 mentorum,
489 2612 564 2668 quae
588 2598 676 2668 esset,
698 2596 879 2670 interrogare
901 2597 991 2670 plane
1014 2595 1117 2653 omisit.
1161 2593 1245 2665 Quod
1268 2594 1411 2669 exemplis

287 2696 424 2754 Romanis
453 2712 521 2753 usus
551 2699 594 2754 est
624 2695 662 2753 ad
693 2695 898 2755 discernendas
928 2699 1027 2772 partes
1050 2697 1199 2756 Ciceronis
1226 2697 1360 2772 proprias
1383 2698 1412 2754 et

288 2815 304 2856 e
334 2796 414 2856 fonte
442 2798 593 2873 repetitas,
624 2799 756 2872 neglexit
785 2800 877 2856 multa
904 2816 1001 2857 eorum
1030 2817 1083 2874 pro
1106 2798 1224 2858 Graecis
1245 2797 1413 2857 introducta

288 2917 361 2971 esse,
383 2899 461 2958 unde
484 2901 613 2973 sequitur
634 2900 746 2959 incerta
770 2918 833 2959 esse
856 2900 930 2959 haec
953 2901 1069 2959 indicia.

374 3000 549 3077 Gerckiusi)
580 3005 676 3061 autem
704 3020 740 3061 ex
768 3003 922 3061 nonnullis
944 3003 1018 3060 locis
1040 3003 1208 3077 posterioris
1230 3003 1322 3078 partis
1344 3001 1413 3059 libri

289 3101 325 3161 de
347 3103 407 3161 fato
431 3104 556 3162 coniecit
569 3104 747 3163 Antiochum
763 3105 967 3163 Ascalonitam
988 3104 1057 3162 libri
1075 3123 1093 3161 a
1108 3103 1249 3164 Cicerone
1272 3102 1412 3179 descripti

210 3266 213 3272 ⁴
289 3207 438 3263 auctorem
466 3204 567 3264 fuisse:
597 3223 655 3264 nou
679 3207 774 3264 solum
800 3205 869 3264 inde
892 3224 910 3263 a
931 3205 1001 3281 §31
1027 3205 1186 3264 Carneadis
1208 3206 1411 3264 auctoritatem

289 3305 428 3364 advocari
442 3309 588 3380 tamquam
604 3305 773 3382 philosophi
787 3307 913 3379 victoris,
930 3305 981 3365 sed
997 3309 1083 3396 ctiam
1099 3307 1165 3384 §44
1179 3306 1411 3366 adversariorum

289 3409 448 3466 sententias
476 3409 518 3465 ita
541 3409 704 3483 comparari
725 3409 871 3482 aliamque
895 3409 947 3466 alii
970 3410 1011 3467 ita
1033 3409 1259 3482 accommodari,
1289 3412 1322 3467 ut
1343 3427 1412 3468 eon·

290 3510 381 3567 clusio
403 3508 486 3568 fieret
506 3512 600 3568 uerbis
623 3527 679 3579 eos,
699 3528 761 3569 uuo
779 3528 811 3568 re
831 3511 981 3570 dissidere:
1005 3509 1082 3584 quod
1104 3514 1256 3584 utrumque
1271 3509 1413 3570 Antiochi

289 3615 373 3669 esset.
407 3611 619 3670 Demonstrabo
636 3611 794 3670 Corchium
817 3611 853 3671 de
875 3613 936 3669 illis
958 3611 1152 3687 paragraphis
1174 3616 1254 3671 recte
1273 3613 1411 3684 sensisse;

289 3711 341 3771 sed
370 3711 528 3772 difficultas
554 3714 597 3771 rei
618 3713 797 3788 postulabat,
827 3716 859 3771 ut
880 3714 962 3771 locos
983 3714 1051 3772 illos
1073 3714 1201 3789 amplius
1223 3716 1361 3773 tractaret
1382 3715 1412 3771 et

374 3878 395 3946 ¹)
413 3875 604 3975 Detentibus,
624 3892 694 3947 quos
707 3877 804 3931 Cicero
816 3877 844 3930 in
856 3875 950 3931 libello
963 3876 998 3932 de
1009 3876 1066 3932 fato
1079 3882 1191 3933 secutus
1203 3892 1265 3932 esse
1277 3877 1411 3932 videatur.
1458 3945 1460 3949 Α

288 3961 772 4114 ᾓομὲἅᾞῗιιῗὲἰιῗῐιιιΐέιῗχιν
790 4046 881 4115 (reos)
900 4061 927 4114 p.
940 4050 998 4100 coa.
