3120 4972
217 298 257 356 26

215 467 464 546 interpretandum
487 486 550 529 esse
574 468 734 528 affirmatur
755 469 833 546 §33‚
856 468 979 528 maxime
997 468 1055 528 bis:
1078 473 1143 529 erat
1156 470 1209 529 troc
1224 471 1340 543 anidern

216 590 332 632 acrnrn
369 589 406 631 en
443 574 670 642 aeternitate,
706 572 759 632 sed
795 589 922 631 canses
957 572 995 631 id
1030 573 1235 645 efficientes
1271 590 1339 632 non

217 676 376 734 babebat.

301 777 364 837 Sibi
385 777 527 852 nobisque
548 776 727 852 persuadere
749 778 814 835 1611
835 775 1027 851 philosophus
1043 775 1128 834 —id
1145 776 1339 851 quodverum

216 897 275 938 non
298 897 362 939 csse
384 882 451 938 luce
475 881 582 939 clarius
605 883 649 938 est
670 912 711 921 —
735 879 915 939 Carneadem
937 878 1012 938 idem
1035 880 1163 938 voluisse
1185 880 1339 939 ostendere

217 983 405 1041 conclusione
434 998 499 1055 sua,
530 981 609 1056 quod
637 982 701 1057 ipse
730 982 814 1040 illinc
837 982 1019 1057 sumpsisset3
1048 982 1243 1041 testimoninm
1267 1000 1339 1058 esse,

217 1103 291 1160 quae
314 1084 351 1143 de
373 1084 531 1160 praedictis
553 1084 725 1159 Appollinis
746 1083 943 1143 iudicavisset

303 1186 384 1257 Quae
419 1188 451 1244 in
487 1186 562 1262 §33
600 1186 827 1260 subsequuntur:
870 1186 1025 1261 Quocirca,
1065 1189 1093 1246 si
1128 1185 1248 1257 Stoicis,
1290 1189 1341 1260 ani

218 1291 318 1348 ornnia
345 1290 412 1362 fato
442 1289 507 1361 fieri
537 1289 649 1358 dicant,
680 1293 906 1347 consentanennr
934 1293 979 1347 est
1007 1290 1094 1348 1111133
1115 1290 1196 1348 rnocli
1217 1291 1340 1349 orantia

218 1395 381 1463 ceteraane,
411 1408 487 1464 qnae
516 1409 535 1450 a
567 1392 748 1450 divinatione
771 1391 925 1461 dnnnntnr,
953 1393 1142 1465 conprobare,
1172 1393 1210 1450 iis
1233 1396 1339 1462 antenr,

218 1496 280 1567 qni,
309 1511 383 1567 anae
413 1495 519 1568 fatara
545 1497 627 1564 sant,
657 1511 691 1553 ca
712 1511 782 1552 ocra
805 1511 866 1554 esse
888 1511 921 1552 en
943 1496 1116 1552 aeternitate
1139 1495 1251 1564 dicant,
1279 1513 1340 1553 non

217 1598 294 1656 idern
324 1597 476 1655 dicendane
508 1601 562 1666 est,
591 1598 668 1667 aide,
697 1614 736 1656 ne
763 1613 823 1655 non
854 1597 955 1655 66616111
982 1598 1022 1655 sit
1049 1597 1168 1655 illornrn
1199 1615 1290 1656 cansa
1313 1602 1340 1656 et

217 1698 395 1770 Stoicornn;
428 1699 460 1757 ln'
488 1700 564 1757 enirn
592 1703 755 1774 nrpnentnr
785 1701 953 1773 anpnstins,
984 1700 1104 1757 iiiorarn
1133 1701 1211 1759 ratic
1240 1701 1340 1760 solnta

219 1819 254 1860 ac
285 1801 376 1859 libera
405 1803 459 1870 est,
489 1801 597 1859 similia
628 1801 682 1873 eis,
712 1819 788 1876 quae
811 1820 848 1860 ex
870 1803 943 1874 §20
966 1801 1114 1861 1116616613
1135 1802 1254 1877 propria
1276 1819 1339 1861 esse

217 1919 306 1978 supra
332 1903 469 1978 suspicati
494 1919 603 1974 sumus,
634 1903 832 1978 compluribus
855 1902 986 1961 adducor
1008 1904 1114 1975 causis,
1141 1920 1178 1962 ne
1201 1921 1238 1962 ex
1259 1903 1339 1962 tonte

217 2008 316 2080 putem
337 2004 442 2064 hausta
457 2021 529 2063 esse.
557 2004 685 2062 Primum
702 2005 777 2063 enim
793 2004 838 2063 his
854 2004 996 2063 dirimitur
1011 2008 1041 2063 et
1056 2004 1234 2063 disturbatur
1249 2007 1339 2065 series

217 2110 464 2182 argumentorum,
493 2125 558 2166 cum
587 2108 698 2165 initium
728 2109 743 2185 ξ
767 2107 808 2166 34
837 2110 927 2166 616116
957 2107 1052 2182 aptius
1081 2107 1201 2167 accedat
1230 2107 1267 2166 ad
1297 2126 1339 2182 ea,

218 2228 293 2285 quae
322 2210 395 2270 haec
424 2210 515 2270 verba
544 2210 728 2270 antecedunt.
772 2213 847 2270 Tum
877 2211 951 2270 haec
980 2211 1044 2286 ipsa
1072 2227 1174 2285 parum
1201 2209 1340 2270 exhibent

217 2313 384 2388 sagacitatis
415 2315 502 2386 atque
530 2311 637 2371 iudicii.
686 2311 801 2372 Deinde
831 2330 972 2386 nusquam
1003 2311 1099 2370 adhuc
1127 2312 1159 2370 in
1186 2311 1267 2371 fonte
1296 2313 1339 2370 in-

217 2415 349 2473 venimus
371 2413 482 2473 Stoicos
505 2415 665 2489 generatim
688 2416 864 2488 nominatos,
891 2418 992 2474 contra
1014 2414 1209 2490 Chrysippum
1231 2416 1340 2490 passim

217 2518 330 2575 intenta
352 2521 415 2575 erat
436 2516 593 2591 disputatio
616 2518 720 2590 solum,
743 2518 829 2576 etiam
851 2518 882 2575 in
904 2516 985 2593 531,
1008 2534 1082 2591 quae
1105 2516 1178 2592 §30
1200 2517 1341 2578 succedit.

217 2621 367 2679 Postremo
390 2636 428 2677 ne
451 2619 482 2677 id
497 2618 615 2694 quidem
630 2620 739 2690 omitto,
761 2637 944 2694 quamquam,
967 2637 1042 2694 quae
1057 2619 1170 2678 adrem
1185 2621 1340 2695 pertinent,

218 2722 255 2781 de
279 2720 435 2798 praedictis
458 2721 611 2796 Apollinis
634 2725 721 2780 antea
742 2722 871 2781 breviter
893 2723 933 2795 et,
960 2725 1100 2797 qnantum
1122 2723 1192 2781 satis
1214 2723 1263 2796 sit,
1290 2741 1338 2781 ex·

217 2825 315 2900 posita
347 2827 425 2897 sunt,
461 2823 510 2882 1116
542 2828 640 2883 tamen
673 2823 711 2882 ad
745 2824 954 2884 divinationem
987 2842 1101 2883 omnem
1134 2825 1257 2900 respici:
1289 2825 1340 2883 vix

219 2925 327 2984 addere
354 2942 427 3000 opus
454 2929 498 2984 est
524 2926 678 2984 maximam
705 2943 768 2985 esse
795 2927 989 3001 suspicionem
1014 2925 1046 2984 id
1072 2945 1089 2984 3
1112 2926 1252 2987 Cicerone
1274 2943 1339 2985 esse

219 3029 346 3101 ortum.1)

304 3131 373 3190 Veri
395 3131 493 3191 simile
516 3133 604 3206 igitur
626 3132 759 3191 existimo
781 3133 811 3190 in
833 3131 926 3205 fonte,
949 3149 1023 3207 qnae
1045 3131 1078 3209 ἕξ
1095 3132 1223 3190 31-33
1248 3132 1340 3207 expli-

219 3237 285 3294 6313
308 3237 398 3307 erant,
420 3235 462 3293 316
484 3233 546 3293 fere
569 3237 618 3293 aut
640 3235 729 3293 simili
751 3234 836 3293 modo
859 3237 1000 3294 conclusa
1022 3235 1165 3309 simulque
1187 3251 1340 3308 argumen-

148 3345 151 3350 ’
217 3337 356 3394 1311666111
379 3335 550 3411 productam
572 3335 672 3394 fuisse:
698 3337 809 3412 Qrcoolsi
831 3336 1007 3396 concedatar
1026 3336 1103 3394 nibil
1117 3352 1207 3408 posse
1230 3337 1341 3393 coenire

219 3440 282 3497 sine
312 3456 404 3497 cansa
432 3438 633 3513 antecedente,
667 3439 739 3511 qnid
761 3439 946 3512 proficiatnr,
978 3440 1006 3497 si
1034 3455 1069 3496 ea
1099 3454 1191 3496 cansa
1216 3454 1277 3495 non
1307 3454 1340 3495 ea

208 3542 346 3600 aeternis
369 3543 467 3600 cansis
490 3545 563 3614 apta
585 3541 721 3600 dicator?

304 3642 353 3702 Ad
382 3642 456 3702 haec
483 3661 552 3703 1616
579 3645 727 3719 extemplo
754 3646 941 3702 accesserunt
963 3642 990 3719 (ᾗ
1007 3643 1070 3718 36):
1100 3642 1242 3702 Nondarn
1265 3644 1341 3701 enirn

218 3746 349 3805 ulcerato
376 3748 518 3820 serpentis
539 3763 639 3806 rnorsn
659 3746 826 3805 Plritoeteta
849 3763 924 3818 qnae
946 3763 1038 3805 cansa
1059 3747 1091 3804 in
1111 3763 1208 3804 rerarn
1229 3749 1341 3805 natnra

220 3934 308 3984 utrum
325 3929 415 3983 omnia
432 3930 639 3985 necessitate
657 3930 723 3984 fiant
740 3946 838 3997 1166116,
862 3931 913 3984 sed
931 3945 970 3997 ea,
990 3945 1059 4000 quae
1077 3945 1155 3985 vera
1172 3930 1233 3999 sint,
1251 3934 1340 3984 utrum

220 4031 254 4069 ex
281 4020 390 4069 aeterna
415 4015 485 4069 36116
509 4029 648 4069 6363316111
671 4015 811 4084 pendeant
833 4030 867 4069 311
890 4016 948 4070 3166
972 4016 1026 4070 hoc
1048 4030 1187 4071 6363316111
1211 4030 1283 4069 nexu
1306 4029 1340 4067 cx

219 4100 378 4155 aeternitate
395 4116 460 4155 1613
478 4115 540 4155 6336
557 4101 664 4169 possint
680 4100 827 4170 intellegi.“

305 4186 326 4253 1)
345 4186 382 4240 Et
399 4186 482 4242 verba
500 4190 529 4241 et
540 4186 628 4241 omnis
639 4187 708 4241 ratio
720 4187 800 4242 huius
811 4187 865 4242 loci
877 4186 893 4257 fi
903 4192 936 4242 44
948 4187 1077 4243 videntur
1087 4185 1192 4254 imitari,
1210 4182 1340 4252 imprimis

219 4269 317 4325 verba:
336 4270 405 4340 aide,
423 4288 456 4326 ne
474 4270 544 4326 idern
561 4270 664 4326 dicant.
