3120 4972
1321 175 1339 235 5

218 346 380 405 accuratius
406 328 524 406 doceret
549 361 663 405 omnem
690 343 913 422 disputationem
935 348 1064 406 nostram
1086 344 1227 406 Antiochi
1248 362 1339 422 genus

216 446 447 524 philosophandi
471 464 542 523 prae
569 463 600 506 se
627 447 718 522 ferre,
749 446 846 506 verbis
867 447 927 505 illis
948 445 1005 506 hoc
1027 448 1188 507 clarissime
1210 447 1339 523 agnosci.

218 548 303 620 Quod
338 550 363 607 si
398 547 527 624 fecisset,
568 549 617 606 vix
653 552 723 623 puto
759 547 822 607 fieri
857 549 1000 624 potuisse,
1036 553 1068 608 ut
1104 547 1306 609 Scbmckelius
1317 548 1339 626 ¹)

217 650 294 731 inde,
317 649 394 724 quod
416 651 447 707 in
469 650 503 726 ἕξ
520 651 559 708 23
583 653 612 708 et
634 651 672 708 31
687 668 749 725 sqq.
772 668 878 709 nomen
900 650 1058 710 Carneadis
1079 650 1239 710 identidem
1261 669 1337 710 eom·

217 755 404 826 memoratur,
433 753 628 827 suspicaretur
656 751 734 811 bunc
762 754 811 811 vel
842 751 1065 826 Clitomachum,
1095 771 1180 828 quem
1210 754 1340 827 magistri

217 855 376 913 sententias
405 855 560 912 memoriae
589 854 753 929 prodidisse
782 856 939 929 constat,²)
969 855 1148 915 aCicerone
1178 855 1339 914 adhibitum

217 973 294 1029 esse,
323 974 380 1030 qua
407 973 472 1014 cum
494 957 662 1016 coniectura
684 953 759 1036 §44
782 960 811 1016 et
832 957 923 1015 verba
944 958 999 1015 illa
1021 961 1050 1017 et
1073 959 1166 1016 omnis
1187 975 1339 1033 argumen-

216 1058 300 1117 tandi
320 1058 393 1115 ratio
416 1059 499 1116 nullo
522 1056 607 1117 modo
630 1059 793 1118 concinunt.
838 1057 922 1130 Quod
945 1063 1040 1117 autem
1062 1058 1264 1118 Schmelrelius
1285 1078 1339 1136 per

217 1178 248 1219 se
271 1163 347 1218 stare
370 1159 489 1219 confidit
510 1159 549 1238 (p.
568 1162 648 1235 167),
671 1162 807 1235 quoniam
829 1161 964 1220 inlibris
987 1159 1023 1220 de
1045 1165 1150 1220 natura
1172 1160 1290 1220 deorum
1310 1166 1339 1221 et

218 1261 254 1320 de
285 1260 465 1321 divinatione
495 1261 579 1321 editis
611 1263 712 1322 Cicero
738 1261 930 1322 Academiam
959 1266 1085 1322 sectatus
1114 1265 1163 1337 sit,
1194 1265 1232 1323 ad
1260 1264 1339 1323 huno

218 1380 333 1438 quoque
354 1364 490 1422 libellum
512 1362 723 1423 Clitomachum
745 1381 810 1423 eum
833 1366 1031 1440 assumpsisse,
1053 1365 1257 1441 probabilitate
1279 1383 1339 1423 uon

218 1469 299 1524 caret
327 1469 356 1524 et
385 1466 494 1541 optime
516 1465 670 1524 adiuvatur
692 1466 856 1541 suspicione
878 1465 1068 1539 Schmelrelii,
1097 1465 1278 1526 insecundo
1302 1466 1338 1526 de

218 1566 397 1626 divinatione
423 1566 498 1625 libro
520 1567 586 1626 ideo
608 1586 668 1627 uon
688 1566 860 1644 responderi
882 1567 921 1626 ad
942 1571 1115 1642 argumenta
1136 1569 1298 1628 Stoicorum
1321 1588 1339 1627 a

217 1669 277 1728 fato
309 1670 447 1745 repetita,
480 1669 559 1744 quod
589 1670 691 1730 Cicero
725 1687 789 1728 eam
822 1673 935 1746 partem
969 1671 1066 1745 operis
1095 1669 1269 1730 Clitomachi
1301 1670 1338 1729 ad

217 1776 346 1830 nostrum
368 1771 503 1830 libellum
526 1771 766 1831 conscribendum
788 1773 958 1847 reposuerit.
991 1773 1033 1831 At
1054 1772 1169 1848 pondus
1191 1771 1261 1844 §44
1282 1771 1339 1832 hac

217 1875 330 1932 ratione
352 1891 535 1948 nequaquam
551 1875 674 1936 tollitur.
711 1874 814 1948 Itaque
829 1874 997 1948 Stueviusl)
1013 1873 1046 1949 ἓξ
1057 1874 1183 1931 41-45
1199 1873 1340 1932 Antiochi

218 1959 281 2034 esse
292 1975 432 2034 iudicavit
444 1974 600 2035 Cercinium
612 1979 735 2048 secutus,
752 1979 849 2034 cetera
861 1974 1006 2034 Carneadi
1017 1976 1144 2049 reliquit,
1160 1975 1338 2034 Sohmekelii

218 2077 320 2136 ductus
359 2078 538 2136 auctoritate.
592 2078 638 2136 De
678 2076 866 2153 dispositione
899 2080 995 2136 autem
1029 2081 1058 2136 et
1090 2077 1338 2152 argumentatione

218 2180 397 2254 singularum
427 2180 551 2254 partium
572 2196 638 2238 raro
661 2197 748 2239 ausus
771 2184 814 2238 est
835 2179 982 2256 propriam
1004 2178 1135 2255 profiteri
1157 2179 1339 2252 sententiam,

218 2297 351 2355 quaeque
383 2298 460 2339 nova
491 2282 626 2356 protulit,
658 2282 744 2358 parvi
776 2283 827 2339 vel
859 2281 970 2340 nullius
1003 2284 1070 2339 sunt
1105 2281 1253 2352 momenti;
1288 2279 1339 2338 sed

217 2383 349 2458 singulos
384 2383 467 2442 locos
503 2384 726 2459 diligentissime
762 2384 951 2459 perlustravit
984 2387 1013 2442 et
1044 2383 1213 2445 illustravit.
1267 2381 1340 2440 Sunt

217 2488 321 2557 autem,
344 2501 418 2558 quae
434 2484 637 2546 Schmekelius
660 2485 697 2544 de
719 2486 928 2560 compositione
951 2485 1088 2543 universa
1110 2487 1139 2542 et
1158 2483 1194 2542 de
1208 2483 1339 2558 partibus

217 2587 339 2661 singulis
375 2586 527 2660 indicavit,
565 2590 609 2646 tot
644 2588 792 2662 tantisque
827 2589 918 2662 plena
954 2587 1111 2660 erroribus,
1147 2589 1179 2645 ut
1214 2586 1339 2644 maxime

217 2690 413 2749 necessarium
439 2689 575 2748 videatur
601 2706 665 2749 esse
691 2690 722 2748 in
744 2690 820 2750 hanc
843 2707 958 2765 quoque
981 2706 1042 2748 rem
1065 2688 1161 2747 denuo
1183 2687 1338 2761 inquirere,

216 2791 386 2865 praesertim
423 2809 488 2850 cum
521 2791 652 2868 Hoyer⁴)
689 2809 785 2867 neque
823 2809 934 2851 errores
971 2790 1024 2850 hos
1057 2788 1238 2850 Schmchelii
1273 2806 1337 2864 per·

218 2893 347 2967 spenerit
368 2910 464 2966 neque
485 2911 563 2951 nova
585 2893 623 2951 ad
641 2892 822 2968 probandam
838 2892 957 2952 Corchii
976 2893 1148 2951 seutentiam
1168 2894 1340 2966 argumenta

175 2984 176 2987 ¹
218 2994 355 3053 attulerit.
388 2994 510 3053 Videtur
532 2997 628 3053 autem
649 2993 721 3053 mihi
741 2994 788 3052 vir
809 2995 990 3053 aeuhssimus
1011 2995 1042 3051 in
1063 2993 1117 3051 hos
1139 3009 1253 3051 errores
1271 2991 1338 3050 ideo

218 3096 357 3172 delapsus
384 3114 459 3170 esse,
489 3096 568 3171 quod
590 3095 627 3154 ab
650 3113 685 3155 ea
706 3099 790 3171 parte
811 3096 882 3155 libri
904 3113 986 3155 orsus
1008 3098 1053 3154 est
1074 3095 1234 3170 inquirere,
1263 3110 1338 3168 quae

217 3201 315 3275 periit:
343 3201 518 3275 plerumque
549 3199 626 3258 enim
654 3199 795 3258 incertum
825 3201 869 3258 est
897 3216 935 3257 ex
963 3198 1133 3273 fragmentis
1158 3196 1237 3274 apud
1264 3196 1338 3254 ahos

217 3405 321 3480 Itaque
342 3407 502 3481 praestabit
523 3406 646 3481 primum
668 3423 704 3463 ea
725 3407 860 3478 tractare,
882 3389 957 3480 qhae
979 3404 1094 3493 integra
1116 3401 1153 3460 ad
1175 3419 1228 3460 nos
1251 3417 1339 3460 vene·

217 3513 296 3579 ruut;
330 3509 366 3568 de
399 3512 482 3584 parte
515 3508 668 3584 deperdita
699 3512 845 3583 postremo
879 3506 1076 3565 fundamentis
1104 3505 1226 3563 solidius
1254 3504 1339 3562 iactis

218 3612 310 3684 caute,
332 3627 407 3684 quae
429 3629 466 3670 ex
488 3610 659 3686 fragmentis
682 3609 749 3669 duci
770 3610 890 3686 possint,
912 3625 1100 3685 exponemus.

303 3761 326 3828 1)
344 3759 521 3829 Philosophia
539 3759 588 3814 der
603 3759 739 3814 mittleren
756 3759 823 3815 Stoa
841 3757 941 3827 (Berol.
956 3758 1033 3827 1892)
1051 3773 1078 3826 p.
1093 3760 1140 3810 155
1149 3770 1211 3824 sqq.

302 3847 313 3878 a
461 3845 467 3861 .
747 3854 753 3863 ·

302 3847 325 3997 a}
342 3845 394 3983 23
407 3845 545 3985 Ιοξοὲιὲῗιῖῑε
569 3929 604 3984 ne
626 3929 685 3984 fato
707 3929 806 3984 nerum
824 3928 960 3983 observet.
980 3927 1081 3995 variae,
1106 3925 1172 3980 usse.
1190 3923 1245 3978 mr.
1265 3927 1340 3980 reos.

303 4016 325 4085 ⁴)
343 4017 412 4070 Mus.
425 4015 512 4070 lihon.
524 4015 589 4069 Llll
608 4018 673 4070 1898
691 4031 718 4083 p.
728 4019 761 4069 64
771 4030 812 4083 sq.
