<?xml version="1.0" encoding="UTF-8"?>
<!DOCTYPE html PUBLIC "-//W3C//DTD XHTML 1.0 Transitional//EN"
    "http://www.w3.org/TR/xhtml1/DTD/xhtml1-transitional.dtd">
<html xmlns="http://www.w3.org/1999/xhtml" xml:lang="en" lang="en">
 <head>
  <title>
</title>
<meta http-equiv="Content-Type" content="text/html;charset=utf-8" />
  <meta name='ocr-system' content='tesseract 3.04.00' />
  <meta name='ocr-capabilities' content='ocr_page ocr_carea ocr_par ocr_line ocrx_word'/>
</head>
<body>
  <div class='ocr_page' id='page_1' title='image "./decompositionee00loergoog_0013.png"; bbox 0 0 3120 4972; ppageno 0'>
   <div class='ocr_carea' id='block_1_1' title="bbox 1277 181 1296 240">
    <p class='ocr_par' dir='ltr' id='par_1_1' title="bbox 1277 181 1296 240">
     <span class='ocr_line' id='line_1_1' title="bbox 1277 181 1296 240; baseline 0 0"><span class='ocrx_word' id='word_1_1' title='bbox 1277 181 1296 240; x_wconf 88' lang='grc'><strong>7</strong></span> 
     </span>
    </p>
   </div>
   <div class='ocr_carea' id='block_1_2' title="bbox 174 346 1299 1341">
    <p class='ocr_par' dir='ltr' id='par_1_2' title="bbox 174 346 1299 1341">
     <span class='ocr_line' id='line_1_2' title="bbox 176 346 1297 427; baseline 0.002 -19"><span class='ocrx_word' id='word_1_2' title='bbox 176 350 326 426; x_wconf 88' lang='lat' dir='ltr'><strong>complura</strong></span> <span class='ocrx_word' id='word_1_3' title='bbox 348 347 385 408; x_wconf 92' lang='lat' dir='ltr'><strong>de</strong></span> <span class='ocrx_word' id='word_1_4' title='bbox 408 346 585 408; x_wconf 80' lang='lat' dir='ltr'><strong>divinatione</strong></span> <span class='ocrx_word' id='word_1_5' title='bbox 607 348 729 408; x_wconf 90' lang='lat' dir='ltr'><strong>inseruit</strong></span> <span class='ocrx_word' id='word_1_6' title='bbox 744 348 790 426; x_wconf 58' lang='grc' dir='ltr'><strong>(ἐξ</strong></span> <span class='ocrx_word' id='word_1_7' title='bbox 805 346 955 427; x_wconf 68' lang='grc'><strong>7-12),1)</strong></span> <span class='ocrx_word' id='word_1_8' title='bbox 978 352 1061 409; x_wconf 83' lang='lat' dir='ltr'><strong>extra</strong></span> <span class='ocrx_word' id='word_1_9' title='bbox 1078 367 1140 409; x_wconf 90' lang='lat' dir='ltr'><strong>rem</strong></span> <span class='ocrx_word' id='word_1_10' title='bbox 1156 366 1297 426; x_wconf 88' lang='lat' dir='ltr'><strong>egressus,</strong></span> 
     </span>
     <span class='ocr_line' id='line_1_3' title="bbox 176 449 1298 528; baseline 0 -18"><span class='ocrx_word' id='word_1_11' title='bbox 176 453 244 510; x_wconf 93' lang='lat' dir='ltr'><strong>item</strong></span> <span class='ocrx_word' id='word_1_12' title='bbox 266 450 394 510; x_wconf 88' lang='lat' dir='ltr'><strong>secundo</strong></span> <span class='ocrx_word' id='word_1_13' title='bbox 413 450 450 509; x_wconf 92' lang='lat' dir='ltr'><strong>de</strong></span> <span class='ocrx_word' id='word_1_14' title='bbox 465 451 579 526; x_wconf 84' lang='lat' dir='ltr'><strong>legibus</strong></span> <span class='ocrx_word' id='word_1_15' title='bbox 596 451 641 528; x_wconf 68' lang='grc' dir='ltr'><strong>(ἓξ</strong></span> <span class='ocrx_word' id='word_1_16' title='bbox 655 449 833 523; x_wconf 77' lang='lat'><strong>32-33),²&gt;</strong></span> <span class='ocrx_word' id='word_1_17' title='bbox 857 450 1036 526; x_wconf 77' lang='lat' dir='ltr'>eandemque</span> <span class='ocrx_word' id='word_1_18' title='bbox 1052 453 1252 528; x_wconf 89' lang='lat' dir='ltr'><strong>quaestionem</strong></span> <span class='ocrx_word' id='word_1_19' title='bbox 1267 453 1298 510; x_wconf 92' lang='lat' dir='ltr'><strong>in</strong></span> 
     </span>
     <span class='ocr_line' id='line_1_4' title="bbox 175 552 1297 630; baseline 0.004 -21"><span class='ocrx_word' id='word_1_20' title='bbox 175 553 309 612; x_wconf 85' lang='lat' dir='ltr'><strong>libellum</strong></span> <span class='ocrx_word' id='word_1_21' title='bbox 323 558 452 613; x_wconf 87' lang='lat' dir='ltr'><strong>nostrum</strong></span> <span class='ocrx_word' id='word_1_22' title='bbox 468 553 629 612; x_wconf 72' lang='lat' dir='ltr'><strong>inculcavit</strong></span> <span class='ocrx_word' id='word_1_23' title='bbox 644 552 671 629; x_wconf 60' lang='lat' dir='ltr'><strong>(q</strong></span> <span class='ocrx_word' id='word_1_24' title='bbox 687 554 733 626; x_wconf 91' lang='lat' dir='ltr'><strong>ll,</strong></span> <span class='ocrx_word' id='word_1_25' title='bbox 756 552 789 629; x_wconf 61' lang='grc' dir='ltr'><strong>ἓξ</strong></span> <span class='ocrx_word' id='word_1_26' title='bbox 803 553 948 630; x_wconf 86' lang='grc'><strong>15-16),</strong></span> <span class='ocrx_word' id='word_1_27' title='bbox 970 557 1031 612; x_wconf 88' lang='lat' dir='ltr'><strong>tum</strong></span> <span class='ocrx_word' id='word_1_28' title='bbox 1046 554 1076 611; x_wconf 92' lang='lat' dir='ltr'><strong>iu</strong></span> <span class='ocrx_word' id='word_1_29' title='bbox 1091 555 1174 614; x_wconf 91' lang='lat' dir='ltr'><strong>nullo</strong></span> <span class='ocrx_word' id='word_1_30' title='bbox 1191 572 1297 629; x_wconf 89' lang='lat' dir='ltr'><strong>eorum,</strong></span> 
     </span>
     <span class='ocr_line' id='line_1_5' title="bbox 176 654 1297 732; baseline 0.004 -21"><span class='ocrx_word' id='word_1_31' title='bbox 176 672 250 729; x_wconf 89' lang='lat' dir='ltr'><strong>quae</strong></span> <span class='ocrx_word' id='word_1_32' title='bbox 273 655 503 714; x_wconf 85' lang='grc'><strong>6661646-44</strong></span> <span class='ocrx_word' id='word_1_33' title='bbox 525 654 627 730; x_wconf 86' lang='lat' dir='ltr'><strong>edidit,</strong></span> <span class='ocrx_word' id='word_1_34' title='bbox 655 673 773 730; x_wconf 88' lang='lat' dir='ltr'><strong>operum</strong></span> <span class='ocrx_word' id='word_1_35' title='bbox 796 654 834 714; x_wconf 91' lang='lat' dir='ltr'><strong>ad</strong></span> <span class='ocrx_word' id='word_1_36' title='bbox 855 654 1071 732; x_wconf 83' lang='lat' dir='ltr'><strong>philosophiam</strong></span> <span class='ocrx_word' id='word_1_37' title='bbox 1093 657 1297 732; x_wconf 87' lang='lat' dir='ltr'><strong>pertinentium</strong></span> 
     </span>
     <span class='ocr_line' id='line_1_6' title="bbox 175 758 1298 836; baseline 0.002 -20"><span class='ocrx_word' id='word_1_38' title='bbox 175 760 219 816; x_wconf 90' lang='lat' dir='ltr'><strong>tot</strong></span> <span class='ocrx_word' id='word_1_39' title='bbox 247 761 276 816; x_wconf 91' lang='lat' dir='ltr'><strong>et</strong></span> <span class='ocrx_word' id='word_1_40' title='bbox 304 760 403 817; x_wconf 91' lang='lat' dir='ltr'><strong>tantae</strong></span> <span class='ocrx_word' id='word_1_41' title='bbox 434 758 621 816; x_wconf 89' lang='lat' dir='ltr'><strong>inveniuntur</strong></span> <span class='ocrx_word' id='word_1_42' title='bbox 649 761 760 834; x_wconf 89' lang='lat' dir='ltr'><strong>partes,</strong></span> <span class='ocrx_word' id='word_1_43' title='bbox 790 775 862 832; x_wconf 88' lang='lat' dir='ltr'><strong>quas</strong></span> <span class='ocrx_word' id='word_1_44' title='bbox 892 761 1040 818; x_wconf 88' lang='grc'><strong>66116166</strong></span> <span class='ocrx_word' id='word_1_45' title='bbox 1063 762 1239 836; x_wconf 88' lang='lat' dir='ltr'><strong>autmagna</strong></span> <span class='ocrx_word' id='word_1_46' title='bbox 1261 778 1298 819; x_wconf 86' lang='lat' dir='ltr'><strong>ex</strong></span> 
     </span>
     <span class='ocr_line' id='line_1_7' title="bbox 174 859 1299 936; baseline 0.004 -19"><span class='ocrx_word' id='word_1_47' title='bbox 174 863 259 935; x_wconf 89' lang='lat' dir='ltr'><strong>parte</strong></span> <span class='ocrx_word' id='word_1_48' title='bbox 280 860 352 935; x_wconf 90' lang='lat' dir='ltr'><strong>ipse,</strong></span> <span class='ocrx_word' id='word_1_49' title='bbox 374 860 483 918; x_wconf 89' lang='lat' dir='ltr'><strong>nullius</strong></span> <span class='ocrx_word' id='word_1_50' title='bbox 506 861 632 919; x_wconf 88' lang='lat' dir='ltr'><strong>auctoris</strong></span> <span class='ocrx_word' id='word_1_51' title='bbox 655 859 787 919; x_wconf 84' lang='lat' dir='ltr'><strong>ordinem</strong></span> <span class='ocrx_word' id='word_1_52' title='bbox 809 863 925 919; x_wconf 89' lang='lat' dir='ltr'><strong>secutus</strong></span> <span class='ocrx_word' id='word_1_53' title='bbox 948 864 998 919; x_wconf 89' lang='lat' dir='ltr'><strong>aut</strong></span> <span class='ocrx_word' id='word_1_54' title='bbox 1020 861 1110 920; x_wconf 90' lang='lat' dir='ltr'><strong>verba</strong></span> <span class='ocrx_word' id='word_1_55' title='bbox 1125 861 1299 936; x_wconf 84' lang='lat' dir='ltr'><strong>exprimens,</strong></span> 
     </span>
     <span class='ocr_line' id='line_1_8' title="bbox 176 961 1298 1037; baseline 0.004 -19"><span class='ocrx_word' id='word_1_56' title='bbox 176 963 344 1036; x_wconf 91' lang='lat' dir='ltr'><strong>composuit,</strong></span> <span class='ocrx_word' id='word_1_57' title='bbox 367 966 438 1036; x_wconf 91' lang='lat' dir='ltr'><strong>quot</strong></span> <span class='ocrx_word' id='word_1_58' title='bbox 458 962 489 1019; x_wconf 92' lang='lat' dir='ltr'><strong>in</strong></span> <span class='ocrx_word' id='word_1_59' title='bbox 510 962 586 1022; x_wconf 89' lang='lat' dir='ltr'><strong>libro</strong></span> <span class='ocrx_word' id='word_1_60' title='bbox 610 961 646 1020; x_wconf 91' lang='lat' dir='ltr'><strong>de</strong></span> <span class='ocrx_word' id='word_1_61' title='bbox 669 961 848 1022; x_wconf 81' lang='lat' dir='ltr'><strong>divinatione</strong></span> <span class='ocrx_word' id='word_1_62' title='bbox 867 965 1000 1037; x_wconf 89' lang='lat' dir='ltr'><strong>utroque,</strong></span> <span class='ocrx_word' id='word_1_63' title='bbox 1022 963 1147 1022; x_wconf 87' lang='lat' dir='ltr'><strong>maxime</strong></span> <span class='ocrx_word' id='word_1_64' title='bbox 1162 962 1298 1022; x_wconf 89' lang='lat' dir='ltr'><strong>secundo.</strong></span> 
     </span>
     <span class='ocr_line' id='line_1_9' title="bbox 174 1061 1298 1139; baseline 0.001 -17"><span class='ocrx_word' id='word_1_65' title='bbox 174 1065 279 1138; x_wconf 88' lang='lat' dir='ltr'><strong>Neque</strong></span> <span class='ocrx_word' id='word_1_66' title='bbox 301 1080 407 1139; x_wconf 89' lang='lat' dir='ltr'><strong>parcus</strong></span> <span class='ocrx_word' id='word_1_67' title='bbox 429 1061 482 1122; x_wconf 81' lang='lat' dir='ltr'><strong>fuit</strong></span> <span class='ocrx_word' id='word_1_68' title='bbox 497 1063 598 1124; x_wconf 82' lang='lat' dir='ltr'><strong>Cicero</strong></span> <span class='ocrx_word' id='word_1_69' title='bbox 620 1064 652 1121; x_wconf 93' lang='lat' dir='ltr'><strong>in</strong></span> <span class='ocrx_word' id='word_1_70' title='bbox 674 1062 844 1123; x_wconf 92' lang='lat' dir='ltr'><strong>evolvendis</strong></span> <span class='ocrx_word' id='word_1_71' title='bbox 862 1064 1028 1123; x_wconf 88' lang='lat' dir='ltr'><strong>auctoribus</strong></span> <span class='ocrx_word' id='word_1_72' title='bbox 1044 1063 1173 1132; x_wconf 83' lang='lat' dir='ltr'><strong>Graecis,</strong></span> <span class='ocrx_word' id='word_1_73' title='bbox 1196 1065 1246 1139; x_wconf 91' lang='lat' dir='ltr'><strong>qui</strong></span> <span class='ocrx_word' id='word_1_74' title='bbox 1261 1064 1298 1123; x_wconf 89' lang='lat' dir='ltr'><strong>de</strong></span> 
     </span>
     <span class='ocr_line' id='line_1_10' title="bbox 174 1163 1298 1241; baseline 0.002 -19"><span class='ocrx_word' id='word_1_75' title='bbox 174 1163 230 1223; x_wconf 90' lang='lat' dir='ltr'><strong>hac</strong></span> <span class='ocrx_word' id='word_1_76' title='bbox 246 1166 367 1223; x_wconf 88' lang='lat' dir='ltr'><strong>materia</strong></span> <span class='ocrx_word' id='word_1_77' title='bbox 382 1166 568 1241; x_wconf 91' lang='lat' dir='ltr'><strong>scripserunt,</strong></span> <span class='ocrx_word' id='word_1_78' title='bbox 588 1165 719 1241; x_wconf 80' lang='lat' dir='ltr'><strong>inprimis</strong></span> <span class='ocrx_word' id='word_1_79' title='bbox 735 1165 852 1225; x_wconf 88' lang='lat' dir='ltr'><strong>Stoicis:</strong></span> <span class='ocrx_word' id='word_1_80' title='bbox 872 1163 910 1222; x_wconf 90' lang='lat' dir='ltr'><strong>ad</strong></span> <span class='ocrx_word' id='word_1_81' title='bbox 925 1164 1084 1224; x_wconf 87' lang='lat' dir='ltr'><strong>secundum</strong></span> <span class='ocrx_word' id='word_1_82' title='bbox 1099 1166 1176 1224; x_wconf 89' lang='lat' dir='ltr'><strong>enim</strong></span> <span class='ocrx_word' id='word_1_83' title='bbox 1191 1167 1298 1225; x_wconf 90' lang='lat' dir='ltr'><strong>librum</strong></span> 
     </span>
     <span class='ocr_line' id='line_1_11' title="bbox 175 1264 1298 1341; baseline 0.002 -18"><span class='ocrx_word' id='word_1_84' title='bbox 175 1283 233 1324; x_wconf 89' lang='lat' dir='ltr'><strong>non</strong></span> <span class='ocrx_word' id='word_1_85' title='bbox 263 1266 349 1325; x_wconf 89' lang='lat' dir='ltr'><strong>modo</strong></span> <span class='ocrx_word' id='word_1_86' title='bbox 373 1266 585 1325; x_wconf 78' lang='lat' dir='ltr'><strong>Clitomachum</strong></span> <span class='ocrx_word' id='word_1_87' title='bbox 612 1265 664 1326; x_wconf 89' lang='lat' dir='ltr'><strong>sed</strong></span> <span class='ocrx_word' id='word_1_88' title='bbox 691 1268 777 1325; x_wconf 91' lang='lat' dir='ltr'><strong>etiam</strong></span> <span class='ocrx_word' id='word_1_89' title='bbox 800 1267 972 1325; x_wconf 85' lang='lat' dir='ltr'><strong>Panaetium</strong></span> <span class='ocrx_word' id='word_1_90' title='bbox 995 1267 1147 1326; x_wconf 87' lang='lat' dir='ltr'><strong>arcessivit</strong></span> <span class='ocrx_word' id='word_1_91' title='bbox 1170 1268 1197 1341; x_wconf 63' lang='grc' dir='ltr'><strong>(ξ</strong></span> <span class='ocrx_word' id='word_1_92' title='bbox 1215 1264 1298 1341; x_wconf 63' lang='grc'><strong>9713)</strong></span> 
     </span>
    </p>
   </div>
   <div class='ocr_carea' id='block_1_3' title="bbox 174 1413 1301 4209">
    <p class='ocr_par' dir='ltr' id='par_1_3' title="bbox 175 1413 1297 1569">
     <span class='ocr_line' id='line_1_12' title="bbox 175 1413 1297 1483; baseline 0.004 -17"><span class='ocrx_word' id='word_1_93' title='bbox 175 1429 228 1467; x_wconf 89' lang='grc'><strong>666</strong></span> <span class='ocrx_word' id='word_1_94' title='bbox 254 1413 376 1468; x_wconf 91' lang='lat' dir='ltr'><strong>mirabile</strong></span> <span class='ocrx_word' id='word_1_95' title='bbox 404 1417 457 1483; x_wconf 91' lang='lat' dir='ltr'><strong>est,</strong></span> <span class='ocrx_word' id='word_1_96' title='bbox 485 1429 566 1483; x_wconf 86' lang='lat' dir='ltr'><strong>quam</strong></span> <span class='ocrx_word' id='word_1_97' title='bbox 591 1414 708 1468; x_wconf 80' lang='lat' dir='ltr'><strong>maximo</strong></span> <span class='ocrx_word' id='word_1_98' title='bbox 734 1429 802 1469; x_wconf 91' lang='lat' dir='ltr'><strong>vero</strong></span> <span class='ocrx_word' id='word_1_99' title='bbox 826 1429 875 1483; x_wconf 91' lang='lat' dir='ltr'><strong>per</strong></span> <span class='ocrx_word' id='word_1_100' title='bbox 897 1430 928 1470; x_wconf 91' lang='grc'><strong>66</strong></span> <span class='ocrx_word' id='word_1_101' title='bbox 951 1415 1058 1483; x_wconf 89' lang='lat' dir='ltr'><strong>mirum,</strong></span> <span class='ocrx_word' id='word_1_102' title='bbox 1085 1413 1160 1483; x_wconf 91' lang='lat' dir='ltr'><strong>quod</strong></span> <span class='ocrx_word' id='word_1_103' title='bbox 1182 1415 1218 1470; x_wconf 92' lang='lat' dir='ltr'><strong>de</strong></span> <span class='ocrx_word' id='word_1_104' title='bbox 1241 1415 1297 1470; x_wconf 83' lang='lat' dir='ltr'><strong>lato</strong></span> 
     </span>
     <span class='ocr_line' id='line_1_13' title="bbox 175 1497 1256 1569; baseline 0.003 -18"><span class='ocrx_word' id='word_1_105' title='bbox 175 1497 274 1553; x_wconf 89' lang='lat' dir='ltr'><strong>librum</strong></span> <span class='ocrx_word' id='word_1_106' title='bbox 292 1499 454 1567; x_wconf 90' lang='lat' dir='ltr'><strong>conscripsit</strong></span> <span class='ocrx_word' id='word_1_107' title='bbox 471 1514 587 1569; x_wconf 88' lang='lat' dir='ltr'><strong>eumque</strong></span> <span class='ocrx_word' id='word_1_108' title='bbox 606 1516 668 1554; x_wconf 92' lang='lat' dir='ltr'><strong>cum</strong></span> <span class='ocrx_word' id='word_1_109' title='bbox 685 1498 761 1554; x_wconf 88' lang='lat' dir='ltr'><strong>libris</strong></span> <span class='ocrx_word' id='word_1_110' title='bbox 780 1499 816 1555; x_wconf 91' lang='lat' dir='ltr'><strong>de</strong></span> <span class='ocrx_word' id='word_1_111' title='bbox 834 1499 1002 1555; x_wconf 79' lang='lat' dir='ltr'><strong>divinatione</strong></span> <span class='ocrx_word' id='word_1_112' title='bbox 1019 1499 1164 1554; x_wconf 87' lang='lat' dir='ltr'><strong>cohaerere</strong></span> <span class='ocrx_word' id='word_1_113' title='bbox 1182 1500 1256 1554; x_wconf 87' lang='lat' dir='ltr'><strong>dicit.</strong></span> 
     </span>
    </p>

    <p class='ocr_par' dir='ltr' id='par_1_4' title="bbox 262 1583 618 1652">
     <span class='ocr_line' id='line_1_14' title="bbox 262 1583 618 1652; baseline -0.003 -14"><span class='ocrx_word' id='word_1_114' title='bbox 262 1586 283 1651; x_wconf 90' lang='lat'><strong>¹)</strong></span> <span class='ocrx_word' id='word_1_115' title='bbox 303 1583 448 1638; x_wconf 86' lang='lat' dir='ltr'><strong>Schmekel</strong></span> <span class='ocrx_word' id='word_1_116' title='bbox 466 1583 483 1638; x_wconf 89' lang='grc'><strong>1.</strong></span> <span class='ocrx_word' id='word_1_117' title='bbox 496 1601 520 1638; x_wconf 90' lang='lat' dir='ltr'><strong>c.</strong></span> <span class='ocrx_word' id='word_1_118' title='bbox 538 1601 565 1652; x_wconf 87' lang='lat' dir='ltr'><strong>p.</strong></span> <span class='ocrx_word' id='word_1_119' title='bbox 578 1589 618 1638; x_wconf 88' lang='grc'><strong>96.</strong></span> 
     </span>
    </p>

    <p class='ocr_par' dir='ltr' id='par_1_5' title="bbox 174 1668 1301 3527">
     <span class='ocr_line' id='line_1_15' title="bbox 261 1668 1297 1739; baseline 0.003 -18"><span class='ocrx_word' id='word_1_120' title='bbox 261 1669 281 1737; x_wconf 79' lang='lat'><strong>²)</strong></span> <span class='ocrx_word' id='word_1_121' title='bbox 300 1668 493 1737; x_wconf 81' lang='lat' dir='ltr'><strong>Reitzenstein,</strong></span> <span class='ocrx_word' id='word_1_122' title='bbox 511 1668 577 1723; x_wconf 91' lang='lat' dir='ltr'><strong>Drei</strong></span> <span class='ocrx_word' id='word_1_123' title='bbox 593 1669 802 1738; x_wconf 85' lang='lat' dir='ltr'><strong>Vermutungea</strong></span> <span class='ocrx_word' id='word_1_124' title='bbox 820 1668 997 1737; x_wconf 81' lang='lat' dir='ltr'><strong>(Festschrift</strong></span> <span class='ocrx_word' id='word_1_125' title='bbox 1012 1668 1032 1722; x_wconf 84' lang='lat' dir='ltr'><strong>f.</strong></span> <span class='ocrx_word' id='word_1_126' title='bbox 1042 1669 1201 1739; x_wconf 84' lang='lat' dir='ltr'><strong>Mommsen,</strong></span> <span class='ocrx_word' id='word_1_127' title='bbox 1222 1670 1297 1739; x_wconf 83' lang='grc'><strong>1893)</strong></span> 
     </span>
     <span class='ocr_line' id='line_1_16' title="bbox 174 1751 1299 1823; baseline 0.003 -17"><span class='ocrx_word' id='word_1_128' title='bbox 174 1768 202 1821; x_wconf 91' lang='lat' dir='ltr'><strong>p.</strong></span> <span class='ocrx_word' id='word_1_129' title='bbox 210 1756 288 1821; x_wconf 84' lang='lat' dir='ltr'><strong>28sq.</strong></span> <span class='ocrx_word' id='word_1_130' title='bbox 297 1752 369 1807; x_wconf 89' lang='lat' dir='ltr'><strong>hunc</strong></span> <span class='ocrx_word' id='word_1_131' title='bbox 380 1751 470 1808; x_wconf 94' lang='lat' dir='ltr'><strong>locum</strong></span> <span class='ocrx_word' id='word_1_132' title='bbox 483 1770 544 1808; x_wconf 88' lang='grc'><strong>6666</strong></span> <span class='ocrx_word' id='word_1_133' title='bbox 556 1754 592 1807; x_wconf 90' lang='grc'><strong>(16</strong></span> <span class='ocrx_word' id='word_1_134' title='bbox 603 1753 677 1808; x_wconf 89' lang='lat' dir='ltr'><strong>div.I</strong></span> <span class='ocrx_word' id='word_1_135' title='bbox 688 1753 721 1823; x_wconf 58' lang='grc' dir='ltr'><strong>ἐξ</strong></span> <span class='ocrx_word' id='word_1_136' title='bbox 732 1758 763 1808; x_wconf 83' lang='grc'><strong>87</strong></span> <span class='ocrx_word' id='word_1_137' title='bbox 770 1768 839 1822; x_wconf 76' lang='lat' dir='ltr'><strong>sqq,</strong></span> <span class='ocrx_word' id='word_1_138' title='bbox 853 1757 893 1821; x_wconf 86' lang='grc'><strong>31,</strong></span> <span class='ocrx_word' id='word_1_139' title='bbox 907 1753 982 1823; x_wconf 82' lang='grc'><strong>1115,</strong></span> <span class='ocrx_word' id='word_1_140' title='bbox 995 1752 1054 1807; x_wconf 88' lang='grc'><strong>61116</strong></span> <span class='ocrx_word' id='word_1_141' title='bbox 1067 1753 1181 1809; x_wconf 87' lang='grc'><strong>66616111</strong></span> <span class='ocrx_word' id='word_1_142' title='bbox 1190 1754 1299 1820; x_wconf 84' lang='lat' dir='ltr'><strong>atinde,</strong></span> 
     </span>
     <span class='ocr_line' id='line_1_17' title="bbox 176 1837 1299 1907; baseline 0.003 -18"><span class='ocrx_word' id='word_1_143' title='bbox 176 1837 251 1906; x_wconf 90' lang='lat' dir='ltr'><strong>quod</strong></span> <span class='ocrx_word' id='word_1_144' title='bbox 269 1838 394 1906; x_wconf 86' lang='lat' dir='ltr'><strong>exempla</strong></span> <span class='ocrx_word' id='word_1_145' title='bbox 411 1838 527 1892; x_wconf 87' lang='lat' dir='ltr'><strong>diversis</strong></span> <span class='ocrx_word' id='word_1_146' title='bbox 544 1837 617 1892; x_wconf 90' lang='lat' dir='ltr'><strong>illius</strong></span> <span class='ocrx_word' id='word_1_147' title='bbox 634 1837 697 1892; x_wconf 88' lang='lat' dir='ltr'><strong>libri</strong></span> <span class='ocrx_word' id='word_1_148' title='bbox 714 1838 782 1892; x_wconf 91' lang='lat' dir='ltr'><strong>locis</strong></span> <span class='ocrx_word' id='word_1_149' title='bbox 794 1838 903 1906; x_wconf 87' lang='lat' dir='ltr'><strong>longine</strong></span> <span class='ocrx_word' id='word_1_150' title='bbox 916 1839 1041 1906; x_wconf 84' lang='lat' dir='ltr'><strong>exposita</strong></span> <span class='ocrx_word' id='word_1_151' title='bbox 1053 1839 1149 1892; x_wconf 88' lang='lat' dir='ltr'><strong>eadem</strong></span> <span class='ocrx_word' id='word_1_152' title='bbox 1163 1838 1208 1892; x_wconf 92' lang='lat' dir='ltr'><strong>bic</strong></span> <span class='ocrx_word' id='word_1_153' title='bbox 1221 1840 1299 1907; x_wconf 87' lang='lat' dir='ltr'><strong>quasi</strong></span> 
     </span>
     <span class='ocr_line' id='line_1_18' title="bbox 175 1922 1299 1992; baseline 0.001 -16"><span class='ocrx_word' id='word_1_154' title='bbox 175 1922 295 1977; x_wconf 88' lang='lat' dir='ltr'><strong>breviter</strong></span> <span class='ocrx_word' id='word_1_155' title='bbox 312 1927 454 1992; x_wconf 87' lang='lat' dir='ltr'><strong>eoguntur,</strong></span> <span class='ocrx_word' id='word_1_156' title='bbox 472 1922 606 1977; x_wconf 88' lang='lat' dir='ltr'><strong>conclusit</strong></span> <span class='ocrx_word' id='word_1_157' title='bbox 623 1922 655 1992; x_wconf 57' lang='grc' dir='ltr'><strong>ἐξ</strong></span> <span class='ocrx_word' id='word_1_158' title='bbox 666 1927 776 1991; x_wconf 82' lang='grc'><strong>32-33,</strong></span> <span class='ocrx_word' id='word_1_159' title='bbox 794 1927 940 1992; x_wconf 88' lang='lat' dir='ltr'><strong>postquam</strong></span> <span class='ocrx_word' id='word_1_160' title='bbox 962 1922 1024 1977; x_wconf 90' lang='lat' dir='ltr'><strong>libri</strong></span> <span class='ocrx_word' id='word_1_161' title='bbox 1036 1922 1072 1977; x_wconf 90' lang='lat' dir='ltr'><strong>de</strong></span> <span class='ocrx_word' id='word_1_162' title='bbox 1084 1923 1138 1980; x_wconf 93' lang='lat' dir='ltr'><strong>div.</strong></span> <span class='ocrx_word' id='word_1_163' title='bbox 1152 1925 1299 1992; x_wconf 88' lang='lat' dir='ltr'><strong>conscripti</strong></span> 
     </span>
     <span class='ocr_line' id='line_1_19' title="bbox 176 2006 1299 2075; baseline 0 -13"><span class='ocrx_word' id='word_1_164' title='bbox 176 2011 280 2075; x_wconf 89' lang='grc'><strong>666661,</strong></span> <span class='ocrx_word' id='word_1_165' title='bbox 303 2008 373 2060; x_wconf 87' lang='grc'><strong>16166</strong></span> <span class='ocrx_word' id='word_1_166' title='bbox 396 2011 554 2061; x_wconf 83' lang='lat' dir='ltr'><strong>contextum</strong></span> <span class='ocrx_word' id='word_1_167' title='bbox 574 2007 688 2061; x_wconf 88' lang='lat' dir='ltr'><strong>secundi</strong></span> <span class='ocrx_word' id='word_1_168' title='bbox 705 2006 767 2061; x_wconf 87' lang='lat' dir='ltr'><strong>libri</strong></span> <span class='ocrx_word' id='word_1_169' title='bbox 784 2007 837 2060; x_wconf 90' lang='lat' dir='ltr'><strong>iam</strong></span> <span class='ocrx_word' id='word_1_170' title='bbox 854 2007 929 2075; x_wconf 87' lang='lat' dir='ltr'><strong>prius</strong></span> <span class='ocrx_word' id='word_1_171' title='bbox 947 2007 1128 2075; x_wconf 89' lang='lat' dir='ltr'><strong>compositum</strong></span> <span class='ocrx_word' id='word_1_172' title='bbox 1144 2008 1299 2063; x_wconf 88' lang='lat' dir='ltr'><strong>interiectas</strong></span> 
     </span>
     <span class='ocr_line' id='line_1_20' title="bbox 177 2090 1298 2162; baseline 0.001 -16"><span class='ocrx_word' id='word_1_173' title='bbox 177 2107 245 2147; x_wconf 87' lang='grc'><strong>6666.</strong></span> <span class='ocrx_word' id='word_1_174' title='bbox 272 2091 309 2146; x_wconf 93' lang='lat' dir='ltr'><strong>Ut</strong></span> <span class='ocrx_word' id='word_1_175' title='bbox 324 2091 397 2146; x_wconf 90' lang='lat' dir='ltr'><strong>idem</strong></span> <span class='ocrx_word' id='word_1_176' title='bbox 408 2091 534 2159; x_wconf 89' lang='lat' dir='ltr'><strong>iudicem,</strong></span> <span class='ocrx_word' id='word_1_177' title='bbox 553 2092 635 2146; x_wconf 90' lang='lat' dir='ltr'><strong>etiam</strong></span> <span class='ocrx_word' id='word_1_178' title='bbox 648 2091 823 2147; x_wconf 88' lang='lat' dir='ltr'><strong>similitudine</strong></span> <span class='ocrx_word' id='word_1_179' title='bbox 834 2092 909 2146; x_wconf 92' lang='lat' dir='ltr'><strong>tertii</strong></span> <span class='ocrx_word' id='word_1_180' title='bbox 919 2090 983 2160; x_wconf 88' lang='lat' dir='ltr'><strong>loci,</strong></span> <span class='ocrx_word' id='word_1_181' title='bbox 1002 2092 1074 2146; x_wconf 90' lang='grc'><strong>(166.</strong></span> <span class='ocrx_word' id='word_1_182' title='bbox 1087 2091 1113 2146; x_wconf 94' lang='lat' dir='ltr'><strong>d.</strong></span> <span class='ocrx_word' id='word_1_183' title='bbox 1123 2092 1151 2145; x_wconf 94' lang='grc' dir='ltr'><strong>ΙΙ</strong></span> <span class='ocrx_word' id='word_1_184' title='bbox 1163 2092 1220 2161; x_wconf 80' lang='lat'><strong>§§7</strong></span> <span class='ocrx_word' id='word_1_185' title='bbox 1234 2098 1262 2147; x_wconf 92' lang='lat' dir='ltr'><strong>et</strong></span> <span class='ocrx_word' id='word_1_186' title='bbox 1274 2097 1298 2162; x_wconf 84' lang='lat'><strong>9,</strong></span> 
     </span>
     <span class='ocr_line' id='line_1_21' title="bbox 176 2175 1300 2246; baseline 0.002 -16"><span class='ocrx_word' id='word_1_187' title='bbox 176 2176 306 2230; x_wconf 91' lang='lat' dir='ltr'><strong>adducor.</strong></span> <span class='ocrx_word' id='word_1_188' title='bbox 339 2177 443 2231; x_wconf 90' lang='lat' dir='ltr'><strong>Horum</strong></span> <span class='ocrx_word' id='word_1_189' title='bbox 461 2176 579 2230; x_wconf 90' lang='lat' dir='ltr'><strong>omnium</strong></span> <span class='ocrx_word' id='word_1_190' title='bbox 596 2175 709 2244; x_wconf 84' lang='lat' dir='ltr'><strong>fontem,</strong></span> <span class='ocrx_word' id='word_1_191' title='bbox 726 2177 832 2231; x_wconf 90' lang='lat' dir='ltr'><strong>initium</strong></span> <span class='ocrx_word' id='word_1_192' title='bbox 850 2175 980 2246; x_wconf 84' lang='lat' dir='ltr'><strong>(tortasse</strong></span> <span class='ocrx_word' id='word_1_193' title='bbox 996 2176 1089 2246; x_wconf 88' lang='lat' dir='ltr'><strong>primi)</strong></span> <span class='ocrx_word' id='word_1_194' title='bbox 1106 2177 1246 2232; x_wconf 86' lang='lat' dir='ltr'><strong>Posidonii</strong></span> <span class='ocrx_word' id='word_1_195' title='bbox 1264 2177 1300 2232; x_wconf 93' lang='grc'><strong>(16</strong></span> 
     </span>
     <span class='ocr_line' id='line_1_22' title="bbox 176 2261 1299 2332; baseline 0.002 -17"><span class='ocrx_word' id='word_1_196' title='bbox 176 2261 342 2316; x_wconf 77' lang='lat' dir='ltr'><strong>divinatione</strong></span> <span class='ocrx_word' id='word_1_197' title='bbox 367 2261 440 2329; x_wconf 89' lang='lat' dir='ltr'><strong>libri,</strong></span> <span class='ocrx_word' id='word_1_198' title='bbox 467 2261 569 2329; x_wconf 90' lang='lat' dir='ltr'><strong>optime</strong></span> <span class='ocrx_word' id='word_1_199' title='bbox 591 2261 684 2316; x_wconf 90' lang='lat' dir='ltr'><strong>reddit</strong></span> <span class='ocrx_word' id='word_1_200' title='bbox 707 2261 743 2316; x_wconf 98' lang='grc'><strong>(16</strong></span> <span class='ocrx_word' id='word_1_201' title='bbox 766 2261 821 2317; x_wconf 91' lang='lat' dir='ltr'><strong>div.</strong></span> <span class='ocrx_word' id='word_1_202' title='bbox 839 2262 852 2315; x_wconf 93' lang='lat' dir='ltr'><strong>l</strong></span> <span class='ocrx_word' id='word_1_203' title='bbox 874 2261 907 2332; x_wconf 57' lang='grc' dir='ltr'><strong>ἕξ</strong></span> <span class='ocrx_word' id='word_1_204' title='bbox 921 2266 952 2316; x_wconf 79' lang='grc'><strong>81</strong></span> <span class='ocrx_word' id='word_1_205' title='bbox 963 2278 1037 2332; x_wconf 91' lang='lat' dir='ltr'><strong>sqq.;</strong></span> <span class='ocrx_word' id='word_1_206' title='bbox 1063 2263 1179 2331; x_wconf 89' lang='lat' dir='ltr'><strong>primum</strong></span> <span class='ocrx_word' id='word_1_207' title='bbox 1202 2262 1299 2317; x_wconf 80' lang='lat' dir='ltr'><strong>Cicero</strong></span> 
     </span>
     <span class='ocr_line' id='line_1_23' title="bbox 175 2345 1300 2417; baseline 0.002 -17"><span class='ocrx_word' id='word_1_208' title='bbox 175 2345 251 2400; x_wconf 90' lang='lat' dir='ltr'><strong>illum</strong></span> <span class='ocrx_word' id='word_1_209' title='bbox 267 2346 360 2401; x_wconf 91' lang='lat' dir='ltr'><strong>locum</strong></span> <span class='ocrx_word' id='word_1_210' title='bbox 377 2347 531 2415; x_wconf 92' lang='lat' dir='ltr'><strong>evolverat,</strong></span> <span class='ocrx_word' id='word_1_211' title='bbox 553 2363 614 2401; x_wconf 91' lang='lat' dir='ltr'><strong>oum</strong></span> <span class='ocrx_word' id='word_1_212' title='bbox 632 2347 668 2401; x_wconf 93' lang='grc'><strong>(16</strong></span> <span class='ocrx_word' id='word_1_213' title='bbox 685 2352 739 2402; x_wconf 86' lang='lat' dir='ltr'><strong>nat.</strong></span> <span class='ocrx_word' id='word_1_214' title='bbox 752 2347 827 2401; x_wconf 90' lang='lat' dir='ltr'><strong>deor.</strong></span> <span class='ocrx_word' id='word_1_215' title='bbox 840 2347 868 2400; x_wconf 91' lang='lat' dir='ltr'><strong>ll</strong></span> <span class='ocrx_word' id='word_1_216' title='bbox 886 2346 919 2417; x_wconf 59' lang='grc' dir='ltr'><strong>ἐξ</strong></span> <span class='ocrx_word' id='word_1_217' title='bbox 933 2355 1017 2416; x_wconf 78' lang='grc'><strong>1666.</strong></span> <span class='ocrx_word' id='word_1_218' title='bbox 1037 2347 1234 2414; x_wconf 86' lang='lat' dir='ltr'><strong>conscriberet,</strong></span> <span class='ocrx_word' id='word_1_219' title='bbox 1252 2348 1300 2402; x_wconf 89' lang='lat' dir='ltr'><strong>nbi</strong></span> 
     </span>
     <span class='ocr_line' id='line_1_24' title="bbox 176 2430 1299 2508; baseline 0.002 -22"><span class='ocrx_word' id='word_1_220' title='bbox 176 2432 274 2487; x_wconf 89' lang='lat' dir='ltr'><strong>eodem</strong></span> <span class='ocrx_word' id='word_1_221' title='bbox 297 2432 380 2486; x_wconf 91' lang='lat' dir='ltr'><strong>modo</strong></span> <span class='ocrx_word' id='word_1_222' title='bbox 403 2437 484 2500; x_wconf 86' lang='lat' dir='ltr'><strong>atque</strong></span> <span class='ocrx_word' id='word_1_223' title='bbox 508 2431 543 2487; x_wconf 94' lang='lat' dir='ltr'><strong>de</strong></span> <span class='ocrx_word' id='word_1_224' title='bbox 565 2430 619 2502; x_wconf 83' lang='lat' dir='ltr'><strong>leg.</strong></span> <span class='ocrx_word' id='word_1_225' title='bbox 633 2432 660 2485; x_wconf 92' lang='grc' dir='ltr'><strong>ΙΙ</strong></span> <span class='ocrx_word' id='word_1_226' title='bbox 679 2431 737 2502; x_wconf 79' lang='lat'><strong>§33</strong></span> <span class='ocrx_word' id='word_1_227' title='bbox 763 2431 867 2487; x_wconf 82' lang='lat' dir='ltr'><strong>Graeca</strong></span> <span class='ocrx_word' id='word_1_228' title='bbox 891 2438 919 2486; x_wconf 90' lang='lat' dir='ltr'><strong>et</strong></span> <span class='ocrx_word' id='word_1_229' title='bbox 940 2433 1064 2488; x_wconf 86' lang='lat' dir='ltr'><strong>Romana</strong></span> <span class='ocrx_word' id='word_1_230' title='bbox 1087 2432 1214 2508; x_wconf 83' lang='lat' dir='ltr'><strong>exempla</strong></span> <span class='ocrx_word' id='word_1_231' title='bbox 1236 2449 1299 2488; x_wconf 91' lang='lat' dir='ltr'><strong>con·</strong></span> 
     </span>
     <span class='ocr_line' id='line_1_25' title="bbox 175 2516 1301 2586; baseline 0.002 -15"><span class='ocrx_word' id='word_1_232' title='bbox 175 2517 269 2571; x_wconf 83' lang='lat' dir='ltr'><strong>iunxit.</strong></span> <span class='ocrx_word' id='word_1_233' title='bbox 295 2517 441 2571; x_wconf 88' lang='lat' dir='ltr'><strong>Accedunt</strong></span> <span class='ocrx_word' id='word_1_234' title='bbox 458 2516 511 2570; x_wconf 91' lang='lat' dir='ltr'><strong>alia</strong></span> <span class='ocrx_word' id='word_1_235' title='bbox 528 2516 701 2586; x_wconf 89' lang='lat' dir='ltr'><strong>documenta,</strong></span> <span class='ocrx_word' id='word_1_236' title='bbox 720 2516 818 2584; x_wconf 88' lang='lat' dir='ltr'><strong>quibus</strong></span> <span class='ocrx_word' id='word_1_237' title='bbox 830 2517 946 2571; x_wconf 82' lang='lat' dir='ltr'><strong>maxime</strong></span> <span class='ocrx_word' id='word_1_238' title='bbox 959 2516 1132 2571; x_wconf 88' lang='lat' dir='ltr'><strong>confirmatur</strong></span> <span class='ocrx_word' id='word_1_239' title='bbox 1144 2518 1301 2573; x_wconf 88' lang='lat' dir='ltr'><strong>coniectura</strong></span> 
     </span>
     <span class='ocr_line' id='line_1_26' title="bbox 175 2600 1300 2672; baseline 0.001 -16"><span class='ocrx_word' id='word_1_240' title='bbox 175 2602 395 2657; x_wconf 76' lang='lat' dir='ltr'><strong>Reitzensteiniit</strong></span> <span class='ocrx_word' id='word_1_241' title='bbox 416 2617 487 2671; x_wconf 88' lang='lat' dir='ltr'><strong>quae</strong></span> <span class='ocrx_word' id='word_1_242' title='bbox 505 2600 540 2672; x_wconf 60' lang='grc' dir='ltr'><strong>ἐξ</strong></span> <span class='ocrx_word' id='word_1_243' title='bbox 553 2606 653 2656; x_wconf 80' lang='grc'>32-33</span> <span class='ocrx_word' id='word_1_244' title='bbox 673 2607 857 2671; x_wconf 88' lang='lat' dir='ltr'><strong>exponuntur,</strong></span> <span class='ocrx_word' id='word_1_245' title='bbox 876 2606 939 2655; x_wconf 89' lang='lat' dir='ltr'><strong>sunt</strong></span> <span class='ocrx_word' id='word_1_246' title='bbox 957 2602 1033 2670; x_wconf 85' lang='lat' dir='ltr'><strong>quasi</strong></span> <span class='ocrx_word' id='word_1_247' title='bbox 1050 2617 1153 2656; x_wconf 87' lang='lat' dir='ltr'><strong>summa</strong></span> <span class='ocrx_word' id='word_1_248' title='bbox 1170 2600 1300 2657; x_wconf 91' lang='lat' dir='ltr'><strong>librorum</strong></span> 
     </span>
     <span class='ocr_line' id='line_1_27' title="bbox 176 2686 1300 2758; baseline -0.001 -15"><span class='ocrx_word' id='word_1_249' title='bbox 176 2689 211 2743; x_wconf 90' lang='lat' dir='ltr'><strong>de</strong></span> <span class='ocrx_word' id='word_1_250' title='bbox 234 2688 315 2742; x_wconf 90' lang='lat' dir='ltr'><strong>div.I</strong></span> <span class='ocrx_word' id='word_1_251' title='bbox 340 2692 367 2742; x_wconf 92' lang='lat' dir='ltr'><strong>et</strong></span> <span class='ocrx_word' id='word_1_252' title='bbox 390 2687 425 2741; x_wconf 91' lang='lat' dir='ltr'><strong>de</strong></span> <span class='ocrx_word' id='word_1_253' title='bbox 443 2692 497 2742; x_wconf 89' lang='lat' dir='ltr'><strong>nat.</strong></span> <span class='ocrx_word' id='word_1_254' title='bbox 510 2688 584 2742; x_wconf 88' lang='lat' dir='ltr'><strong>deor.</strong></span> <span class='ocrx_word' id='word_1_255' title='bbox 597 2687 632 2745; x_wconf 92' lang='lat' dir='ltr'><strong>Il.</strong></span> <span class='ocrx_word' id='word_1_256' title='bbox 668 2688 736 2741; x_wconf 83' lang='lat' dir='ltr'><strong>Nam</strong></span> <span class='ocrx_word' id='word_1_257' title='bbox 759 2687 835 2757; x_wconf 86' lang='lat' dir='ltr'><strong>quod</strong></span> <span class='ocrx_word' id='word_1_258' title='bbox 858 2687 957 2741; x_wconf 90' lang='lat' dir='ltr'><strong>dicitur</strong></span> <span class='ocrx_word' id='word_1_259' title='bbox 974 2686 1002 2757; x_wconf 67' lang='grc' dir='ltr'><strong>(ξ</strong></span> <span class='ocrx_word' id='word_1_260' title='bbox 1015 2687 1073 2758; x_wconf 63' lang='grc'><strong>32)</strong></span> <span class='ocrx_word' id='word_1_261' title='bbox 1097 2687 1131 2742; x_wconf 72' lang='lat' dir='ltr'><strong>st</strong></span> <span class='ocrx_word' id='word_1_262' title='bbox 1148 2688 1221 2741; x_wconf 83' lang='lat' dir='ltr'><strong>caim</strong></span> <span class='ocrx_word' id='word_1_263' title='bbox 1238 2687 1300 2743; x_wconf 84' lang='lat' dir='ltr'><strong>deos</strong></span> 
     </span>
     <span class='ocr_line' id='line_1_28' title="bbox 175 2772 1299 2842; baseline 0 -15"><span class='ocrx_word' id='word_1_264' title='bbox 175 2789 230 2827; x_wconf 85' lang='grc'><strong>6666</strong></span> <span class='ocrx_word' id='word_1_265' title='bbox 247 2773 414 2827; x_wconf 77' lang='lat' dir='ltr'><strong>concedimus</strong></span> <span class='ocrx_word' id='word_1_266' title='bbox 432 2789 576 2840; x_wconf 80' lang='lat' dir='ltr'><strong>coramque</strong></span> <span class='ocrx_word' id='word_1_267' title='bbox 592 2772 828 2826; x_wconf 65' lang='lat' dir='ltr'><strong>montemacutum</strong></span> <span class='ocrx_word' id='word_1_268' title='bbox 845 2773 904 2842; x_wconf 79' lang='lat' dir='ltr'><strong>cept</strong></span> <span class='ocrx_word' id='word_1_269' title='bbox 922 2775 948 2826; x_wconf 88' lang='grc'><strong>61</strong></span> <span class='ocrx_word' id='word_1_270' title='bbox 965 2773 1067 2826; x_wconf 79' lang='lat' dir='ltr'><strong>eosdem</strong></span> <span class='ocrx_word' id='word_1_271' title='bbox 1084 2773 1225 2827; x_wconf 80' lang='grc'><strong>1666616666</strong></span> <span class='ocrx_word' id='word_1_272' title='bbox 1238 2789 1299 2827; x_wconf 85' lang='lat' dir='ltr'><strong>coa-</strong></span> 
     </span>
     <span class='ocr_line' id='line_1_29' title="bbox 175 2856 1298 2926; baseline 0.003 -16"><span class='ocrx_word' id='word_1_273' title='bbox 175 2857 262 2911; x_wconf 82' lang='grc'><strong>661666</strong></span> <span class='ocrx_word' id='word_1_274' title='bbox 282 2857 387 2926; x_wconf 78' lang='lat' dir='ltr'><strong>penori,</strong></span> <span class='ocrx_word' id='word_1_275' title='bbox 411 2856 478 2911; x_wconf 89' lang='lat' dir='ltr'><strong>nihil</strong></span> <span class='ocrx_word' id='word_1_276' title='bbox 501 2857 575 2912; x_wconf 89' lang='lat' dir='ltr'><strong>aliud</strong></span> <span class='ocrx_word' id='word_1_277' title='bbox 599 2861 642 2911; x_wconf 88' lang='grc'><strong>661</strong></span> <span class='ocrx_word' id='word_1_278' title='bbox 658 2858 710 2912; x_wconf 88' lang='grc'><strong>6161</strong></span> <span class='ocrx_word' id='word_1_279' title='bbox 728 2857 873 2926; x_wconf 90' lang='lat' dir='ltr'><strong>dispositio</strong></span> <span class='ocrx_word' id='word_1_280' title='bbox 891 2857 1007 2913; x_wconf 91' lang='lat' dir='ltr'><strong>secundi</strong></span> <span class='ocrx_word' id='word_1_281' title='bbox 1023 2857 1084 2912; x_wconf 92' lang='lat' dir='ltr'><strong>libri</strong></span> <span class='ocrx_word' id='word_1_282' title='bbox 1102 2859 1138 2913; x_wconf 90' lang='grc'><strong>(16</strong></span> <span class='ocrx_word' id='word_1_283' title='bbox 1155 2863 1210 2913; x_wconf 87' lang='grc'><strong>661.</strong></span> <span class='ocrx_word' id='word_1_284' title='bbox 1223 2858 1298 2914; x_wconf 90' lang='grc'><strong>(1666.</strong></span> 
     </span>
     <span class='ocr_line' id='line_1_30' title="bbox 176 2941 1300 3012; baseline 0 -16"><span class='ocrx_word' id='word_1_285' title='bbox 176 2941 222 3011; x_wconf 88' lang='lat' dir='ltr'><strong>(of.</strong></span> <span class='ocrx_word' id='word_1_286' title='bbox 241 2941 306 3012; x_wconf 61' lang='lat' dir='ltr'><strong>gt).</strong></span> <span class='ocrx_word' id='word_1_287' title='bbox 350 2943 441 2997; x_wconf 85' lang='grc'><strong>066616</strong></span> <span class='ocrx_word' id='word_1_288' title='bbox 467 2957 533 2997; x_wconf 85' lang='grc'><strong>6666</strong></span> <span class='ocrx_word' id='word_1_289' title='bbox 560 2946 695 2997; x_wconf 88' lang='lat' dir='ltr'><strong>structura</strong></span> <span class='ocrx_word' id='word_1_290' title='bbox 721 2943 974 3011; x_wconf 75' lang='lat' dir='ltr'><strong>argumentationis:</strong></span> <span class='ocrx_word' id='word_1_291' title='bbox 1001 2943 1034 2997; x_wconf 73' lang='lat' dir='ltr'><strong>st</strong></span> <span class='ocrx_word' id='word_1_292' title='bbox 1060 2943 1133 2996; x_wconf 83' lang='lat' dir='ltr'><strong>eotm</strong></span> <span class='ocrx_word' id='word_1_293' title='bbox 1159 2943 1220 2997; x_wconf 84' lang='lat' dir='ltr'><strong>deos</strong></span> <span class='ocrx_word' id='word_1_294' title='bbox 1246 2959 1300 2998; x_wconf 86' lang='grc'><strong>6666</strong></span> 
     </span>
     <span class='ocr_line' id='line_1_31' title="bbox 176 3026 1299 3097; baseline 0.002 -17"><span class='ocrx_word' id='word_1_295' title='bbox 176 3026 344 3082; x_wconf 79' lang='lat' dir='ltr'><strong>concedimus</strong></span> <span class='ocrx_word' id='word_1_296' title='bbox 426 3029 452 3080; x_wconf 86' lang='lat' dir='ltr'><strong>et</strong></span> <span class='ocrx_word' id='word_1_297' title='bbox 470 3041 551 3096; x_wconf 81' lang='lat' dir='ltr'><strong>poseo</strong></span> <span class='ocrx_word' id='word_1_298' title='bbox 574 3026 652 3081; x_wconf 80' lang='lat' dir='ltr'><strong>achis</strong></span> <span class='ocrx_word' id='word_1_299' title='bbox 675 3026 757 3096; x_wconf 80' lang='lat' dir='ltr'><strong>sipoto</strong></span> <span class='ocrx_word' id='word_1_300' title='bbox 780 3043 870 3080; x_wconf 84' lang='lat' dir='ltr'><strong>reram</strong></span> <span class='ocrx_word' id='word_1_301' title='bbox 893 3027 1219 3097; x_wconf 72' lang='grc'><strong>161666666661666666,</strong></span> <span class='ocrx_word' id='word_1_302' title='bbox 1243 3044 1299 3082; x_wconf 89' lang='grc'><strong>666</strong></span> 
     </span>
     <span class='ocr_line' id='line_1_32' title="bbox 176 3111 1299 3182; baseline 0 -16"><span class='ocrx_word' id='word_1_303' title='bbox 176 3111 266 3181; x_wconf 78' lang='lat' dir='ltr'><strong>video,</strong></span> <span class='ocrx_word' id='word_1_304' title='bbox 291 3129 340 3167; x_wconf 81' lang='lat' dir='ltr'><strong>oar</strong></span> <span class='ocrx_word' id='word_1_305' title='bbox 362 3127 417 3166; x_wconf 85' lang='grc'><strong>6666</strong></span> <span class='ocrx_word' id='word_1_306' title='bbox 440 3111 639 3166; x_wconf 84' lang='lat' dir='ltr'><strong>dtotaata&#39;oacm</strong></span> <span class='ocrx_word' id='word_1_307' title='bbox 660 3128 765 3182; x_wconf 73' lang='grc'><strong>669666,</strong></span> <span class='ocrx_word' id='word_1_308' title='bbox 789 3115 927 3166; x_wconf 83' lang='grc'><strong>6666661</strong></span> <span class='ocrx_word' id='word_1_309' title='bbox 945 3114 1035 3166; x_wconf 83' lang='lat' dir='ltr'><strong>autam</strong></span> <span class='ocrx_word' id='word_1_310' title='bbox 1052 3128 1094 3180; x_wconf 91' lang='grc'><strong>66,</strong></span> <span class='ocrx_word' id='word_1_311' title='bbox 1119 3112 1299 3182; x_wconf 70' lang='grc'><strong>6666666661,</strong></span> 
     </span>
     <span class='ocr_line' id='line_1_33' title="bbox 176 3197 1299 3268; baseline -0.002 -16"><span class='ocrx_word' id='word_1_312' title='bbox 176 3215 210 3252; x_wconf 85' lang='lat' dir='ltr'><strong>coo</strong></span> <span class='ocrx_word' id='word_1_313' title='bbox 233 3197 385 3268; x_wconf 78' lang='grc'><strong>6611666161</strong></span> <span class='ocrx_word' id='word_1_314' title='bbox 408 3198 478 3267; x_wconf 82' lang='lat' dir='ltr'><strong>qaod</strong></span> <span class='ocrx_word' id='word_1_315' title='bbox 501 3197 625 3252; x_wconf 82' lang='grc'><strong>66166666</strong></span> <span class='ocrx_word' id='word_1_316' title='bbox 649 3197 769 3268; x_wconf 80' lang='lat' dir='ltr'><strong>officitur</strong></span> <span class='ocrx_word' id='word_1_317' title='bbox 792 3201 818 3252; x_wconf 86' lang='lat' dir='ltr'><strong>et</strong></span> <span class='ocrx_word' id='word_1_318' title='bbox 841 3197 949 3268; x_wconf 74' lang='lat' dir='ltr'><strong>copitar</strong></span> <span class='ocrx_word' id='word_1_319' title='bbox 971 3197 1083 3266; x_wconf 90' lang='lat' dir='ltr'><strong>respicit</strong></span> <span class='ocrx_word' id='word_1_320' title='bbox 1104 3197 1132 3251; x_wconf 89' lang='lat' dir='ltr'><strong>in</strong></span> <span class='ocrx_word' id='word_1_321' title='bbox 1154 3197 1189 3252; x_wconf 91' lang='lat' dir='ltr'><strong>do</strong></span> <span class='ocrx_word' id='word_1_322' title='bbox 1213 3197 1299 3251; x_wconf 76' lang='lat' dir='ltr'><strong>dial</strong></span> 
     </span>
     <span class='ocr_line' id='line_1_34' title="bbox 176 3283 1300 3356; baseline -0.004 -16"><span class='ocrx_word' id='word_1_323' title='bbox 176 3285 209 3356; x_wconf 60' lang='grc' dir='ltr'><strong>ἐξ</strong></span> <span class='ocrx_word' id='word_1_324' title='bbox 223 3290 321 3340; x_wconf 78' lang='grc'><strong>82-83</strong></span> <span class='ocrx_word' id='word_1_325' title='bbox 346 3284 503 3354; x_wconf 87' lang='lat' dir='ltr'><strong>similesque</strong></span> <span class='ocrx_word' id='word_1_326' title='bbox 527 3284 617 3353; x_wconf 86' lang='lat' dir='ltr'><strong>locos;</strong></span> <span class='ocrx_word' id='word_1_327' title='bbox 641 3284 734 3337; x_wconf 78' lang='grc'><strong>666616</strong></span> <span class='ocrx_word' id='word_1_328' title='bbox 757 3299 842 3352; x_wconf 77' lang='lat' dir='ltr'><strong>reparo</strong></span> <span class='ocrx_word' id='word_1_329' title='bbox 864 3299 1006 3352; x_wconf 79' lang='lat' dir='ltr'><strong>ooaacsqoc</strong></span> <span class='ocrx_word' id='word_1_330' title='bbox 1019 3283 1120 3352; x_wconf 80' lang='lat' dir='ltr'><strong>populi</strong></span> <span class='ocrx_word' id='word_1_331' title='bbox 1138 3285 1300 3351; x_wconf 82' lang='lat' dir='ltr'><strong>coactosque</strong></span> 
     </span>
     <span class='ocr_line' id='line_1_35' title="bbox 176 3369 1300 3442; baseline -0.002 -17"><span class='ocrx_word' id='word_1_332' title='bbox 176 3376 265 3442; x_wconf 79' lang='lat' dir='ltr'><strong>pentes</strong></span> <span class='ocrx_word' id='word_1_333' title='bbox 288 3371 429 3426; x_wconf 90' lang='lat' dir='ltr'><strong>notissima</strong></span> <span class='ocrx_word' id='word_1_334' title='bbox 451 3375 516 3426; x_wconf 91' lang='lat' dir='ltr'><strong>suut</strong></span> <span class='ocrx_word' id='word_1_335' title='bbox 533 3370 688 3426; x_wconf 87' lang='lat' dir='ltr'><strong>Stoicorum</strong></span> <span class='ocrx_word' id='word_1_336' title='bbox 711 3380 869 3438; x_wconf 87' lang='lat' dir='ltr'><strong>argumenta</strong></span> <span class='ocrx_word' id='word_1_337' title='bbox 887 3385 903 3423; x_wconf 91' lang='lat' dir='ltr'><strong>a</strong></span> <span class='ocrx_word' id='word_1_338' title='bbox 920 3369 1050 3424; x_wconf 83' lang='lat' dir='ltr'><strong>Cicerone</strong></span> <span class='ocrx_word' id='word_1_339' title='bbox 1072 3369 1147 3437; x_wconf 89' lang='lat' dir='ltr'><strong>prius</strong></span> <span class='ocrx_word' id='word_1_340' title='bbox 1165 3369 1201 3423; x_wconf 93' lang='grc'><strong>(16</strong></span> <span class='ocrx_word' id='word_1_341' title='bbox 1219 3369 1300 3423; x_wconf 90' lang='lat' dir='ltr'><strong>div.I</strong></span> 
     </span>
     <span class='ocr_line' id='line_1_36' title="bbox 177 3456 1148 3527; baseline -0.003 -16"><span class='ocrx_word' id='word_1_342' title='bbox 177 3458 193 3526; x_wconf 64' lang='lat' dir='ltr'><strong>,d</strong></span> <span class='ocrx_word' id='word_1_343' title='bbox 208 3462 237 3511; x_wconf 82' lang='lat'><strong>12</strong></span> <span class='ocrx_word' id='word_1_344' title='bbox 257 3462 285 3511; x_wconf 92' lang='lat' dir='ltr'><strong>et</strong></span> <span class='ocrx_word' id='word_1_345' title='bbox 303 3457 336 3527; x_wconf 56' lang='grc' dir='ltr'><strong>ἐξ</strong></span> <span class='ocrx_word' id='word_1_346' title='bbox 349 3463 380 3512; x_wconf 82' lang='grc'><strong>81</strong></span> <span class='ocrx_word' id='word_1_347' title='bbox 391 3473 450 3527; x_wconf 88' lang='lat' dir='ltr'><strong>sqq.</strong></span> <span class='ocrx_word' id='word_1_348' title='bbox 468 3462 550 3526; x_wconf 89' lang='lat' dir='ltr'><strong>atque</strong></span> <span class='ocrx_word' id='word_1_349' title='bbox 568 3457 604 3512; x_wconf 92' lang='lat' dir='ltr'><strong>de</strong></span> <span class='ocrx_word' id='word_1_350' title='bbox 621 3461 676 3513; x_wconf 87' lang='lat' dir='ltr'><strong>nat.</strong></span> <span class='ocrx_word' id='word_1_351' title='bbox 690 3457 805 3511; x_wconf 81' lang='grc'><strong>(166611</strong></span> <span class='ocrx_word' id='word_1_352' title='bbox 822 3456 881 3525; x_wconf 72' lang='lat'><strong>§12</strong></span> <span class='ocrx_word' id='word_1_353' title='bbox 898 3457 1008 3525; x_wconf 89' lang='lat' dir='ltr'><strong>longius</strong></span> <span class='ocrx_word' id='word_1_354' title='bbox 1025 3461 1148 3510; x_wconf 86' lang='grc'><strong>16661616.</strong></span> 
     </span>
    </p>

    <p class='ocr_par' dir='ltr' id='par_1_6' title="bbox 176 3540 1300 4209">
     <span class='ocr_line' id='line_1_37' title="bbox 261 3540 1299 3611; baseline 0.001 -16"><span class='ocrx_word' id='word_1_355' title='bbox 261 3542 283 3611; x_wconf 79' lang='lat'><strong>³)</strong></span> <span class='ocrx_word' id='word_1_356' title='bbox 308 3541 383 3605; x_wconf 82' lang='lat' dir='ltr'><strong>Quae</strong></span> <span class='ocrx_word' id='word_1_357' title='bbox 406 3541 522 3597; x_wconf 86' lang='lat' dir='ltr'><strong>Schiche</strong></span> <span class='ocrx_word' id='word_1_358' title='bbox 547 3542 593 3611; x_wconf 91' lang='lat' dir='ltr'><strong>(de</strong></span> <span class='ocrx_word' id='word_1_359' title='bbox 617 3541 740 3597; x_wconf 86' lang='lat' dir='ltr'><strong>sontibus</strong></span> <span class='ocrx_word' id='word_1_360' title='bbox 762 3542 821 3596; x_wconf 88' lang='lat' dir='ltr'><strong>libr.</strong></span> <span class='ocrx_word' id='word_1_361' title='bbox 840 3541 906 3610; x_wconf 82' lang='lat' dir='ltr'><strong>Cic,</strong></span> <span class='ocrx_word' id='word_1_362' title='bbox 931 3542 1064 3611; x_wconf 91' lang='lat' dir='ltr'><strong>quisunt</strong></span> <span class='ocrx_word' id='word_1_363' title='bbox 1087 3541 1123 3594; x_wconf 93' lang='lat' dir='ltr'><strong>de</strong></span> <span class='ocrx_word' id='word_1_364' title='bbox 1147 3540 1211 3610; x_wconf 75' lang='lat' dir='ltr'><strong>div,</strong></span> <span class='ocrx_word' id='word_1_365' title='bbox 1235 3540 1299 3596; x_wconf 86' lang='lat' dir='ltr'><strong>diss.</strong></span> 
     </span>
     <span class='ocr_line' id='line_1_38' title="bbox 176 3625 1299 3696; baseline -0.002 -14"><span class='ocrx_word' id='word_1_366' title='bbox 176 3626 334 3696; x_wconf 77' lang='grc'><strong>1661818)</strong></span> <span class='ocrx_word' id='word_1_367' title='bbox 358 3631 386 3681; x_wconf 94' lang='grc'><strong>61</strong></span> <span class='ocrx_word' id='word_1_368' title='bbox 408 3627 565 3683; x_wconf 87' lang='lat' dir='ltr'><strong>Hartfelder</strong></span> <span class='ocrx_word' id='word_1_369' title='bbox 589 3628 653 3696; x_wconf 89' lang='lat' dir='ltr'><strong>(Die</strong></span> <span class='ocrx_word' id='word_1_370' title='bbox 677 3627 792 3692; x_wconf 74' lang='lat' dir='ltr'><strong>Quelleu</strong></span> <span class='ocrx_word' id='word_1_371' title='bbox 815 3644 870 3682; x_wconf 90' lang='lat' dir='ltr'><strong>von</strong></span> <span class='ocrx_word' id='word_1_372' title='bbox 892 3627 1003 3682; x_wconf 79' lang='lat' dir='ltr'><strong>Ciceros</strong></span> <span class='ocrx_word' id='word_1_373' title='bbox 1025 3627 1093 3681; x_wconf 85' lang='grc'><strong>66661</strong></span> <span class='ocrx_word' id='word_1_374' title='bbox 1116 3625 1240 3681; x_wconf 87' lang='lat' dir='ltr'><strong>Biichern</strong></span> <span class='ocrx_word' id='word_1_375' title='bbox 1264 3625 1299 3680; x_wconf 88' lang='lat' dir='ltr'><strong>de</strong></span> 
     </span>
     <span class='ocr_line' id='line_1_39' title="bbox 177 3711 1300 3784; baseline -0.001 -17"><span class='ocrx_word' id='word_1_376' title='bbox 177 3713 356 3781; x_wconf 85' lang='lat' dir='ltr'><strong>divinatione,</strong></span> <span class='ocrx_word' id='word_1_377' title='bbox 375 3715 469 3782; x_wconf 88' lang='lat' dir='ltr'><strong>Progr.</strong></span> <span class='ocrx_word' id='word_1_378' title='bbox 487 3714 621 3784; x_wconf 81' lang='lat' dir='ltr'><strong>Freiburg</strong></span> <span class='ocrx_word' id='word_1_379' title='bbox 638 3714 655 3768; x_wconf 90' lang='lat' dir='ltr'><strong>i.</strong></span> <span class='ocrx_word' id='word_1_380' title='bbox 668 3714 698 3770; x_wconf 91' lang='lat' dir='ltr'><strong>B.</strong></span> <span class='ocrx_word' id='word_1_381' title='bbox 720 3715 797 3777; x_wconf 78' lang='grc'><strong>1818)</strong></span> <span class='ocrx_word' id='word_1_382' title='bbox 816 3712 852 3767; x_wconf 89' lang='grc'><strong>(16</strong></span> <span class='ocrx_word' id='word_1_383' title='bbox 871 3728 904 3768; x_wconf 92' lang='grc'><strong>66</strong></span> <span class='ocrx_word' id='word_1_384' title='bbox 922 3712 991 3768; x_wconf 93' lang='lat' dir='ltr'><strong>libro</strong></span> <span class='ocrx_word' id='word_1_385' title='bbox 1009 3716 1172 3780; x_wconf 87' lang='grc'><strong>6161666661,</strong></span> <span class='ocrx_word' id='word_1_386' title='bbox 1191 3711 1300 3766; x_wconf 91' lang='lat' dir='ltr'><strong>omnino</strong></span> 
     </span>
     <span class='ocr_line' id='line_1_40' title="bbox 177 3799 1298 3869; baseline -0.003 -15"><span class='ocrx_word' id='word_1_387' title='bbox 177 3799 318 3868; x_wconf 87' lang='lat' dir='ltr'><strong>probanda</strong></span> <span class='ocrx_word' id='word_1_388' title='bbox 332 3803 403 3868; x_wconf 92' lang='lat' dir='ltr'><strong>sunt,</strong></span> <span class='ocrx_word' id='word_1_389' title='bbox 417 3799 451 3869; x_wconf 56' lang='grc' dir='ltr'><strong>ἐξ</strong></span> <span class='ocrx_word' id='word_1_390' title='bbox 464 3805 563 3855; x_wconf 82' lang='grc'><strong>87-91</strong></span> <span class='ocrx_word' id='word_1_391' title='bbox 578 3816 612 3854; x_wconf 87' lang='lat' dir='ltr'><strong>ex</strong></span> <span class='ocrx_word' id='word_1_392' title='bbox 624 3800 761 3869; x_wconf 86' lang='lat' dir='ltr'><strong>Panaetio,</strong></span> <span class='ocrx_word' id='word_1_393' title='bbox 775 3803 865 3854; x_wconf 88' lang='grc'><strong>661666</strong></span> <span class='ocrx_word' id='word_1_394' title='bbox 878 3815 913 3853; x_wconf 81' lang='lat' dir='ltr'><strong>ex</strong></span> <span class='ocrx_word' id='word_1_395' title='bbox 925 3799 1092 3853; x_wconf 83' lang='lat' dir='ltr'><strong>Clitomacho</strong></span> <span class='ocrx_word' id='word_1_396' title='bbox 1106 3803 1298 3866; x_wconf 75' lang='lat' dir='ltr'><strong>coassumpta,</strong></span> 
     </span>
     <span class='ocr_line' id='line_1_41' title="bbox 176 3883 1300 3952; baseline -0.002 -14"><span class='ocrx_word' id='word_1_397' title='bbox 176 3884 228 3939; x_wconf 87' lang='lat' dir='ltr'><strong>sed</strong></span> <span class='ocrx_word' id='word_1_398' title='bbox 251 3899 365 3938; x_wconf 88' lang='lat' dir='ltr'><strong>necesse</strong></span> <span class='ocrx_word' id='word_1_399' title='bbox 387 3884 453 3936; x_wconf 92' lang='lat' dir='ltr'><strong>mihi</strong></span> <span class='ocrx_word' id='word_1_400' title='bbox 469 3883 580 3938; x_wconf 90' lang='lat' dir='ltr'><strong>videtur</strong></span> <span class='ocrx_word' id='word_1_401' title='bbox 597 3885 749 3939; x_wconf 88' lang='lat' dir='ltr'><strong>accuratius</strong></span> <span class='ocrx_word' id='word_1_402' title='bbox 767 3884 934 3952; x_wconf 83' lang='lat' dir='ltr'><strong>distinguere</strong></span> <span class='ocrx_word' id='word_1_403' title='bbox 952 3884 1021 3937; x_wconf 91' lang='lat' dir='ltr'><strong>inter</strong></span> <span class='ocrx_word' id='word_1_404' title='bbox 1039 3897 1084 3937; x_wconf 89' lang='grc'><strong>666</strong></span> <span class='ocrx_word' id='word_1_405' title='bbox 1102 3887 1206 3951; x_wconf 86' lang='lat' dir='ltr'><strong>partes,</strong></span> <span class='ocrx_word' id='word_1_406' title='bbox 1231 3897 1300 3951; x_wconf 89' lang='lat' dir='ltr'><strong>quae</strong></span> 
     </span>
     <span class='ocr_line' id='line_1_42' title="bbox 176 3967 1300 4039; baseline 0 -17"><span class='ocrx_word' id='word_1_407' title='bbox 176 3970 215 4024; x_wconf 90' lang='lat' dir='ltr'><strong>ita</strong></span> <span class='ocrx_word' id='word_1_408' title='bbox 238 3985 272 4024; x_wconf 81' lang='lat' dir='ltr'><strong>ex</strong></span> <span class='ocrx_word' id='word_1_409' title='bbox 295 3968 465 4024; x_wconf 82' lang='lat' dir='ltr'><strong>Clitomacho</strong></span> <span class='ocrx_word' id='word_1_410' title='bbox 489 3969 600 4024; x_wconf 85' lang='lat' dir='ltr'><strong>haustae</strong></span> <span class='ocrx_word' id='word_1_411' title='bbox 623 3974 696 4039; x_wconf 90' lang='lat' dir='ltr'><strong>sunt,</strong></span> <span class='ocrx_word' id='word_1_412' title='bbox 722 3974 753 4023; x_wconf 93' lang='lat' dir='ltr'><strong>ut</strong></span> <span class='ocrx_word' id='word_1_413' title='bbox 775 3969 803 4022; x_wconf 95' lang='lat' dir='ltr'><strong>in</strong></span> <span class='ocrx_word' id='word_1_414' title='bbox 826 3968 971 4023; x_wconf 88' lang='lat' dir='ltr'><strong>scribendo</strong></span> <span class='ocrx_word' id='word_1_415' title='bbox 995 3969 1075 4022; x_wconf 90' lang='lat' dir='ltr'><strong>etiam</strong></span> <span class='ocrx_word' id='word_1_416' title='bbox 1099 3967 1219 4036; x_wconf 84' lang='lat' dir='ltr'><strong>singulas</strong></span> <span class='ocrx_word' id='word_1_417' title='bbox 1242 3967 1300 4022; x_wconf 90' lang='lat' dir='ltr'><strong>eius</strong></span> 
     </span>
     <span class='ocr_line' id='line_1_43' title="bbox 177 4053 1300 4124; baseline -0.002 -16"><span class='ocrx_word' id='word_1_418' title='bbox 177 4055 290 4124; x_wconf 87' lang='lat' dir='ltr'><strong>paginas</strong></span> <span class='ocrx_word' id='word_1_419' title='bbox 314 4054 454 4122; x_wconf 89' lang='lat' dir='ltr'><strong>verbaque</strong></span> <span class='ocrx_word' id='word_1_420' title='bbox 477 4058 539 4108; x_wconf 90' lang='lat' dir='ltr'><strong>ante</strong></span> <span class='ocrx_word' id='word_1_421' title='bbox 563 4053 657 4109; x_wconf 87' lang='lat' dir='ltr'><strong>oeulos</strong></span> <span class='ocrx_word' id='word_1_422' title='bbox 680 4054 805 4121; x_wconf 90' lang='lat' dir='ltr'><strong>haberet,</strong></span> <span class='ocrx_word' id='word_1_423' title='bbox 833 4058 907 4108; x_wconf 88' lang='lat' dir='ltr'><strong>certe</strong></span> <span class='ocrx_word' id='word_1_424' title='bbox 932 4057 1152 4121; x_wconf 89' lang='lat' dir='ltr'><strong>argumentorum</strong></span> <span class='ocrx_word' id='word_1_425' title='bbox 1177 4053 1300 4107; x_wconf 88' lang='lat' dir='ltr'><strong>ordinem</strong></span> 
     </span>
     <span class='ocr_line' id='line_1_44' title="bbox 177 4137 1300 4209; baseline -0.002 -16"><span class='ocrx_word' id='word_1_426' title='bbox 177 4145 336 4209; x_wconf 89' lang='lat' dir='ltr'><strong>sequeretur</strong></span> <span class='ocrx_word' id='word_1_427' title='bbox 358 4169 392 4178; x_wconf 89' lang='lat'>-</span> <span class='ocrx_word' id='word_1_428' title='bbox 415 4139 456 4193; x_wconf 88' lang='lat' dir='ltr'><strong>sio</strong></span> <span class='ocrx_word' id='word_1_429' title='bbox 472 4139 560 4194; x_wconf 92' lang='lat' dir='ltr'><strong>sentio</strong></span> <span class='ocrx_word' id='word_1_430' title='bbox 579 4138 615 4193; x_wconf 90' lang='grc'><strong>(16</strong></span> <span class='ocrx_word' id='word_1_431' title='bbox 633 4137 666 4208; x_wconf 59' lang='grc' dir='ltr'><strong>ἐξ</strong></span> <span class='ocrx_word' id='word_1_432' title='bbox 679 4142 761 4194; x_wconf 77' lang='grc'><strong>9-28</strong></span> <span class='ocrx_word' id='word_1_433' title='bbox 781 4143 808 4194; x_wconf 89' lang='grc'><strong>61</strong></span> <span class='ocrx_word' id='word_1_434' title='bbox 827 4143 874 4193; x_wconf 86' lang='lat'><strong>110</strong></span> <span class='ocrx_word' id='word_1_435' title='bbox 889 4137 946 4206; x_wconf 91' lang='grc'><strong>(661</strong></span> <span class='ocrx_word' id='word_1_436' title='bbox 959 4138 1132 4207; x_wconf 80' lang='grc'><strong>1111)-131,</strong></span> <span class='ocrx_word' id='word_1_437' title='bbox 1158 4141 1300 4206; x_wconf 74' lang='lat' dir='ltr'><strong>tlt-147,</strong></span> 
     </span>
    </p>
   </div>
   <div class='ocr_carea' id='block_1_4' title="bbox 0 0 1566 4972">
    <p class='ocr_par' dir='ltr' id='par_1_7' title="bbox 0 0 1566 4972">
     <span class='ocr_line' id='line_1_45' title="bbox 0 0 1566 4972; baseline 0 0"><span class='ocrx_word' id='word_1_438' title='bbox 0 0 1566 4972; x_wconf 95' lang='lat' dir='ltr'><strong> </strong></span> 
     </span>
    </p>
   </div>
  </div>
 </body>
</html>
