3120 4972
1252 376 1287 434 ll

171 549 225 609 1666
240 548 299 607 lete
307 547 444 623 patebit),
460 547 487 606 st
499 546 562 622 foti
575 547 693 606 6666166
708 546 846 606 6611666
867 563 1004 616 comen,
1026 546 1130 605 66116
1147 549 1293 616 autore,

169 650 273 709 66116
302 650 355 708 ets
386 652 462 707 esset
492 652 521 707 et
548 648 645 724 forte
676 651 802 707 temere
833 665 917 708 cosa
944 653 998 707 661
1020 649 1167 722 pleraque
1191 647 1295 720 16661

171 751 356 819 66166616,
385 767 457 808 aum
480 751 579 819 aliter,
603 767 639 808 66
659 767 739 808 6666
761 752 905 820 66661661,
929 752 1081 811 euenirent.
1127 749 1293 824 11611666

170 855 277 912 attinet
300 854 451 912 inculcare
475 854 586 926 fotum,
617 870 682 911 eam
708 854 771 911 stae
792 854 859 926 foto
881 855 959 912 ratio
983 855 1112 911 66661666
1132 869 1230 911 rerum
1253 852 1294 911 61

169 959 311 1015 acturam
331 957 520 1029 fortunamve
540 955 709 1029 referatur?

254 1057 389 1117 06166666
423 1056 464 1116 16
493 1056 686 1116 Posidonio
720 1057 798 1133 ipso
831 1075 925 1133 pauca
955 1056 1063 1115 addere
1093 1073 1213 1116 6666666
1242 1059 1293 1115 661.

169 1161 240 1221 (ium
270 1161 347 1219 enim
377 1159 414 1218 ad
437 1161 534 1218 locum
560 1161 691 1218 nostrum
712 1161 816 1218 melius
838 1158 1071 1234 intellegendum
1093 1176 1130 1217 66
1151 1158 1234 1217 libris
1257 1157 1293 1216 16

169 1262 347 1321 divinatione
381 1279 455 1337 quae
489 1261 592 1320 eodem
620 1261 768 1337 pertinere
801 1260 936 1320 videntur
962 1263 1061 1336 partes
1091 1259 1223 1333 confero,
1257 1259 1293 1318 16

169 1363 256 1423 dial
278 1363 312 1440 ἓξ
330 1364 499 1422 ise-131
524 1367 554 1423 et
575 1363 605 1421 II
626 1363 660 1439 ἐξ
677 1364 717 1422 33
731 1380 782 1438 eq,
812 1364 906 1435 miror,
929 1361 1007 1436 quod
1030 1362 1221 1437 Augustinus,
1243 1361 1294 1419 ubi

169 1466 208 1525 ad
229 1468 326 1526 locum
349 1469 479 1525 nostrum
500 1466 620 1541 respicit
642 1465 690 1539 (de
707 1465 761 1523 civ.
777 1466 833 1524 Dei
848 1465 874 1522 V
891 1464 935 1540 2),
957 1464 1144 1522 Posidonium
1164 1464 1294 1521 nominat

170 1568 300 1627 Stoicam
320 1568 446 1626 66611666
469 1568 648 1641 astroloptoe
671 1567 808 1625 deditam.
850 1566 1037 1625 Posidonium
1059 1567 1178 1624 nimium
1200 1565 1293 1625 credi-

169 1669 246 1728 disse
279 1671 333 1728 arti
367 1671 580 1744 astrologorum
607 1669 760 1746 probabile
790 1672 845 1741 est,
879 1672 909 1727 at
938 1670 1075 1744 exempla
1104 1671 1205 1727 nostra
1234 1686 1294 1726 non

170 1772 265 1830 minus
288 1788 374 1846 quam
396 1772 455 1831 loci
477 1772 523 1830 illi
545 1772 631 1831 modo
653 1772 740 1830 allati
761 1770 792 1830 id
811 1770 883 1829 mihi
897 1770 1051 1830 ostendere
1066 1770 1211 1844 videntur,
1233 1788 1293 1829 non
1327 1757 1333 1770 ’

169 1873 206 1932 16
229 1875 387 1949 astrologia
409 1890 475 1933 eum
497 1875 598 1949 egisse,
621 1873 672 1933 661
688 1873 725 1933 16
744 1874 919 1948 contagione
934 1876 1064 1946 naturae,
1086 1890 1173 1948 quam
1188 1873 1294 1934 Graeci

169 1970 382 2056 συμπάθειαν
408 1976 563 2037 vocabant.
606 1977 645 2036 Ut
671 1975 863 2051 philosophus
885 1994 954 2035 vere
976 1977 1088 2036 Stoicus
1112 1975 1209 2035 docuit
1230 1977 1291 2035 uni·

168 2095 283 2136 versum
306 2078 444 2136 mundum
466 2079 651 2138 coniunctum
674 2095 749 2150 esse,
779 2095 879 2138 omnes
901 2096 949 2137 666
972 2079 1048 2136 16166
1069 2095 1100 2136 66
1124 2076 1292 2136 cohaerere:

170 2199 206 2238 66
228 2179 284 2238 hac
307 2183 403 2239 autem
426 2182 629 2238 coniunctione
649 2184 778 2238 6616666
800 2184 829 2238 61
850 2182 937 2253 quest
959 2184 1099 2238 66666616
1122 2183 1210 2252 arque
1226 2197 1292 2238 666-

169 2300 258 2342 66666
280 2282 328 2356 (16
344 2282 402 2344 div.
417 2283 448 2339 ΙΙ
466 2282 482 2358 ξ
499 2280 551 2359 34)
574 2281 656 2341 16611
677 2281 809 2342 homines
832 2299 948 2357 quoque
970 2283 1070 2356 aliqua
1091 2283 1204 2341 ratione
1228 2299 1292 2340 cum

170 2386 255 2443 astris
284 2402 348 2444 csse
377 2385 560 2457 coniunctos,
591 2401 661 2459 ergo
689 2385 750 2442 illis
781 2383 898 2462 611611)
918 2401 1013 2460 posse.
1057 2385 1173 2443 Erravit
1194 2385 1291 2459 igitur,

170 2486 248 2563 quod
277 2505 336 2547 non
366 2486 510 2546 dubitavit
539 2486 746 2545 commenticiis
773 2488 987 2562 astrologorum
1014 2486 1123 2545 artibus
1145 2486 1291 2545 confidere

170 2591 369 2666 exemplisque
400 2606 469 2647 usus
502 2593 546 2648 661
578 2590 662 2647 111166
694 2589 840 2664 1·epctitis;
872 2589 925 2648 sed
955 2607 991 2648 66
1021 2587 1059 2647 61
1089 2590 1292 2665 contagionem

168 2695 291 2750 naturae
312 2693 425 2750 rettulit
447 2696 534 2767 atque
557 2691 625 2750 inde
648 2691 763 2750 demum
785 2694 844 2750 6166
861 2693 989 2765 fatalem
1011 2691 1059 2767 (de
1083 2691 1143 2750 fato
1167 2691 1217 2765 §5
1240 2693 1291 2769 16.)

170 2793 326 2875 16166112)

254 2896 410 2967 Quoniam,
440 2914 515 2972 quac
545 2913 582 2956 ex
612 2896 769 2957 Posidonio
799 2899 953 2974 assumpsit
976 2897 1089 2966 Cicero,
1119 2899 1196 2956 iutra
1226 2915 1290 2957 eam

168 3003 280 3074 partem
313 3000 447 3071 16666611,
480 3017 538 3074 qua
571 2998 608 3058 de
642 3001 814 3074 contagione
847 3018 942 3058 rerum
976 2999 1176 3076 disputabatur
1205 3001 1233 3078 (ξ
1271 3000 1291 3078 ),

168 3119 246 3159 nunc
272 3100 391 3159 16611166
419 3102 605 3176 perspicitur,
634 3119 692 3176 quo
723 3101 809 3160 modo
831 3102 862 3160 id
884 3101 946 3160 fieri
967 3103 1101 3178 potuerit.
1144 3103 1290 3161 Reversus

168 3204 263 3277 igitur,
285 3205 316 3260 ut
331 3202 409 3275 dicit,
432 3202 474 3260 61
489 3201 647 3277 Chrysippi
663 3204 791 3276 loqueos,
806 3204 966 3279 pollicetur·
975 3205 1106 3276 primam
1121 3221 1291 3279 responsum

57 3375 59 3379 y
168 3305 203 3362 iri
227 3306 350 3377 161666
372 3306 545 3379 contagione
558 3322 663 3378 66666,
686 3304 725 3363 61
738 3306 854 3378 reliquo
869 3304 1018 3381 deinceps.
1054 3304 1126 3363 Inde
1142 3306 1291 3381 colligitur

168 3410 262 3480 66166,
285 3407 398 3465 scilicet
420 3411 488 3466 6616
510 3407 728 3482 digressionem,
751 3406 787 3466 dc
810 3424 869 3482 qua
890 3407 976 3466 modo
993 3409 1111 3482 egimus,
1134 3407 1291 3483 Chrysippi

168 3509 205 3568 dc
228 3528 263 3567 66
285 3509 457 3569 sententiam
479 3510 659 3586 propositam
680 3509 782 3583 fuisse,
809 3513 896 3585 atque
918 3511 972 3583 ita,
997 3513 1029 3569 ut
1051 3510 1119 3569 inde
1142 3511 1290 3570 conclusio

168 3609 250 3669 fieret
285 3610 344 3670 fato
382 3613 478 3671 omnia
515 3611 599 3672 effici.
652 3614 716 3672 Huc
754 3613 853 3687 aliquo
886 3612 972 3671 modo
1006 3613 1108 3673 Cicero
1141 3612 1292 3673 Posidonii

169 3714 303 3787 exempla
334 3715 482 3773 annexuit.
526 3717 561 3773 16
593 3732 627 3774 66
657 3718 753 3774 autem
775 3716 866 3788 libro,
897 3715 935 3774 ad
958 3716 1038 3774 cuius
1060 3715 1191 3775 ordinem
1213 3733 1291 3774 nunc

168 3813 257 3872 rediri
278 3815 463 3876 manifestum
486 3821 542 3891 est,
569 3818 747 3894 propositam
769 3817 926 3894 Chrysippi
947 3818 1120 3878 sententiam
1142 3818 1212 3876 ilico
1233 3817 1291 3876 hoc

167 3933 339 3992 responsum
368 3920 553 3979 subsecutum
584 3924 658 3980 erat:
689 3937 783 3996 nsque
813 3921 890 3979 cuim
920 3919 1038 3979 dubium
1065 3926 1121 3993 est,
1150 3921 1221 3996 quin
1242 3919 1290 3979 hic

254 4082 275 4150 ¹)
294 4081 336 4136 (if.
354 4081 370 4150 ξ
385 4087 411 4137 8:
430 4085 567 4138 astro-rum
584 4085 701 4154 effectio.

252 4167 274 4235 ²)
298 4164 339 4221 Of.
358 4166 393 4221 de
411 4166 492 4221 div.I
510 4167 690 4237 §grec-128
714 4170 786 4238 (cum
812 4169 875 4239 6116,
899 4173 956 4223 tum
980 4169 1048 4224 hacc
1071 4168 1162 4238 5126:
1186 4185 1220 4222 eac
1238 4186 1290 4238 quo

167 4250 345 4321 intellepttur,
374 4253 407 4305 61
428 4252 535 4320 fatam
559 4252 606 4307 sit
629 4269 693 4308 666
716 4254 762 4324 11,
792 4255 876 4324 quod
898 4255 1149 4324 superstitiose,
1179 4254 1233 4309 661
1256 4253 1291 4308 id

168 4335 252 4404 quod
264 4335 407 4408 physice
425 4336 554 4394 dicitur
566 4375 571 4388 .
582 4379 589 4392 .
599 4339 629 4408 .);
647 4342 722 4396 totus
740 4339 798 4398 fere
814 4339 893 4399 locus
905 4341 940 4399 ad
952 4339 1066 4398 verbum
1078 4354 1227 4396 conversus
1240 4343 1290 4401 cst.
