<?xml version="1.0" encoding="UTF-8"?>
<!DOCTYPE html PUBLIC "-//W3C//DTD XHTML 1.0 Transitional//EN"
    "http://www.w3.org/TR/xhtml1/DTD/xhtml1-transitional.dtd">
<html xmlns="http://www.w3.org/1999/xhtml" xml:lang="en" lang="en">
 <head>
  <title>
</title>
<meta http-equiv="Content-Type" content="text/html;charset=utf-8" />
  <meta name='ocr-system' content='tesseract 3.04.00' />
  <meta name='ocr-capabilities' content='ocr_page ocr_carea ocr_par ocr_line ocrx_word'/>
</head>
<body>
  <div class='ocr_page' id='page_1' title='image "./decompositionee00loergoog_0042.png"; bbox 0 0 3120 4972; ppageno 0'>
   <div class='ocr_carea' id='block_1_1' title="bbox 280 155 320 226">
    <p class='ocr_par' dir='ltr' id='par_1_1' title="bbox 280 155 320 226">
     <span class='ocr_line' id='line_1_1' title="bbox 280 155 320 226; baseline 0.05 -2"><span class='ocrx_word' id='word_1_1' title='bbox 280 155 320 226; x_wconf 74' lang='lat' dir='ltr'><strong>bb</strong></span> 
     </span>
    </p>
   </div>
   <div class='ocr_carea' id='block_1_2' title="bbox 222 336 1404 3484">
    <p class='ocr_par' dir='ltr' id='par_1_2' title="bbox 222 336 1404 3484">
     <span class='ocr_line' id='line_1_2' title="bbox 277 336 1404 414; baseline 0.002 -16"><span class='ocrx_word' id='word_1_2' title='bbox 277 357 343 398; x_wconf 90' lang='lat' dir='ltr'><strong>cum</strong></span> <span class='ocrx_word' id='word_1_3' title='bbox 365 337 532 400; x_wconf 89' lang='lat' dir='ltr'><strong>definitione</strong></span> <span class='ocrx_word' id='word_1_4' title='bbox 555 358 573 398; x_wconf 86' lang='lat' dir='ltr'><strong>a</strong></span> <span class='ocrx_word' id='word_1_5' title='bbox 595 337 692 399; x_wconf 88' lang='lat' dir='ltr'><strong>Cellio</strong></span> <span class='ocrx_word' id='word_1_6' title='bbox 715 338 822 398; x_wconf 87' lang='lat' dir='ltr'><strong>tradita</strong></span> <span class='ocrx_word' id='word_1_7' title='bbox 844 336 982 413; x_wconf 88' lang='lat' dir='ltr'><strong>adducor,</strong></span> <span class='ocrx_word' id='word_1_8' title='bbox 1005 338 1055 414; x_wconf 93' lang='lat' dir='ltr'><strong>qui</strong></span> <span class='ocrx_word' id='word_1_9' title='bbox 1070 338 1160 399; x_wconf 82' lang='lat' dir='ltr'><strong>vna</strong></span> <span class='ocrx_word' id='word_1_10' title='bbox 1184 337 1268 400; x_wconf 89' lang='lat' dir='ltr'><strong>dicit:</strong></span> <span class='ocrx_word' id='word_1_11' title='bbox 1289 337 1404 400; x_wconf 79' lang='lat' dir='ltr'><strong>Fatum</strong></span> 
     </span>
     <span class='ocr_line' id='line_1_3' title="bbox 279 439 1403 523; baseline 0.003 -23"><span class='ocrx_word' id='word_1_12' title='bbox 279 446 329 512; x_wconf 85' lang='lat' dir='ltr'><strong>est,</strong></span> <span class='ocrx_word' id='word_1_13' title='bbox 351 444 449 516; x_wconf 79' lang='lat' dir='ltr'><strong>taaatt</strong></span> <span class='ocrx_word' id='word_1_14' title='bbox 468 441 594 517; x_wconf 87' lang='lat' dir='ltr'><strong>(scilicet</strong></span> <span class='ocrx_word' id='word_1_15' title='bbox 608 439 811 523; x_wconf 79' lang='lat' dir='ltr'><strong>Chrysippus),</strong></span> <span class='ocrx_word' id='word_1_16' title='bbox 834 444 1011 516; x_wconf 78' lang='lat' dir='ltr'><strong>saaptteoaa</strong></span> <span class='ocrx_word' id='word_1_17' title='bbox 1033 443 1178 516; x_wconf 75' lang='lat' dir='ltr'><strong><em>quaedam</em></strong></span> <span class='ocrx_word' id='word_1_18' title='bbox 1198 446 1227 501; x_wconf 88' lang='lat' dir='ltr'><strong>et</strong></span> <span class='ocrx_word' id='word_1_19' title='bbox 1239 443 1403 503; x_wconf 76' lang='lat' dir='ltr'><strong>tartacitae-</strong></span> 
     </span>
     <span class='ocr_line' id='line_1_4' title="bbox 279 545 1404 620; baseline 0.003 -18"><span class='ocrx_word' id='word_1_20' title='bbox 279 545 345 602; x_wconf 84' lang='lat' dir='ltr'><strong>bc&#39;tc&#39;s</strong></span> <span class='ocrx_word' id='word_1_21' title='bbox 367 546 455 603; x_wconf 83' lang='lat' dir='ltr'><strong>series</strong></span> <span class='ocrx_word' id='word_1_22' title='bbox 477 560 574 602; x_wconf 81' lang='lat' dir='ltr'><strong>reram</strong></span> <span class='ocrx_word' id='word_1_23' title='bbox 597 547 626 601; x_wconf 88' lang='lat' dir='ltr'><strong>et</strong></span> <span class='ocrx_word' id='word_1_24' title='bbox 646 547 752 602; x_wconf 82' lang='lat' dir='ltr'><strong>catena</strong></span> <span class='ocrx_word' id='word_1_25' title='bbox 772 545 892 603; x_wconf 86' lang='lat' dir='ltr'><strong>ootccas</strong></span> <span class='ocrx_word' id='word_1_26' title='bbox 914 550 1004 604; x_wconf 83' lang='lat' dir='ltr'><strong>semet</strong></span> <span class='ocrx_word' id='word_1_27' title='bbox 1024 546 1091 619; x_wconf 69' lang='lat' dir='ltr'><strong>cirea</strong></span> <span class='ocrx_word' id='word_1_28' title='bbox 1112 561 1175 604; x_wconf 86' lang='lat' dir='ltr'><strong>soso</strong></span> <span class='ocrx_word' id='word_1_29' title='bbox 1197 549 1227 604; x_wconf 87' lang='lat' dir='ltr'><strong>et</strong></span> <span class='ocrx_word' id='word_1_30' title='bbox 1246 546 1404 620; x_wconf 81' lang='lat' dir='ltr'><strong>implicans</strong></span> 
     </span>
     <span class='ocr_line' id='line_1_5' title="bbox 271 647 1403 721; baseline 0.001 -16"><span class='ocrx_word' id='word_1_31' title='bbox 271 664 328 720; x_wconf 86' lang='lat' dir='ltr'><strong>per</strong></span> <span class='ocrx_word' id='word_1_32' title='bbox 354 651 487 706; x_wconf 76' lang='lat' dir='ltr'><strong>aeternos</strong></span> <span class='ocrx_word' id='word_1_33' title='bbox 514 648 736 719; x_wconf 69' lang='lat' dir='ltr'><em>consequentiae</em></span> <span class='ocrx_word' id='word_1_34' title='bbox 761 647 890 717; x_wconf 81' lang='lat' dir='ltr'><strong>ordines,</strong></span> <span class='ocrx_word' id='word_1_35' title='bbox 921 664 954 706; x_wconf 85' lang='lat' dir='ltr'><strong>ea</strong></span> <span class='ocrx_word' id='word_1_36' title='bbox 976 648 1081 719; x_wconf 74' lang='lat' dir='ltr'><strong>patoes</strong></span> <span class='ocrx_word' id='word_1_37' title='bbox 1104 651 1177 721; x_wconf 88' lang='lat' dir='ltr'><strong>apta</strong></span> <span class='ocrx_word' id='word_1_38' title='bbox 1197 665 1331 721; x_wconf 80' lang='lat' dir='ltr'><strong>rceaaaac</strong></span> <span class='ocrx_word' id='word_1_39' title='bbox 1353 652 1403 708; x_wconf 83' lang='lat' dir='ltr'><strong>cst.</strong></span> 
     </span>
     <span class='ocr_line' id='line_1_6' title="bbox 276 748 1403 826; baseline 0.001 -18"><span class='ocrx_word' id='word_1_40' title='bbox 276 750 351 824; x_wconf 87' lang='lat' dir='ltr'><strong>Ipsa</strong></span> <span class='ocrx_word' id='word_1_41' title='bbox 377 754 476 809; x_wconf 81' lang='lat' dir='ltr'><strong>arctoae</strong></span> <span class='ocrx_word' id='word_1_42' title='bbox 501 751 589 809; x_wconf 72' lang='lat' dir='ltr'><strong>crcrba</strong></span> <span class='ocrx_word' id='word_1_43' title='bbox 613 748 782 824; x_wconf 66' lang='lat' dir='ltr'><strong>Chrysippi,</strong></span> <span class='ocrx_word' id='word_1_44' title='bbox 814 755 958 823; x_wconf 80' lang='lat' dir='ltr'><strong>arcaniora</strong></span> <span class='ocrx_word' id='word_1_45' title='bbox 983 752 1067 809; x_wconf 81' lang='lat' dir='ltr'><strong>catat</strong></span> <span class='ocrx_word' id='word_1_46' title='bbox 1087 752 1240 820; x_wconf 83' lang='lat' dir='ltr'><strong>memoria,</strong></span> <span class='ocrx_word' id='word_1_47' title='bbox 1272 753 1403 826; x_wconf 78' lang='lat' dir='ltr'><strong><em>ascripsi,</em></strong></span> 
     </span>
     <span class='ocr_line' id='line_1_7' title="bbox 222 852 1403 926; baseline 0.007 -20"><span class='ocrx_word' id='word_1_48' title='bbox 222 901 224 906; x_wconf 87' lang='lat'><em>.</em></span> <span class='ocrx_word' id='word_1_49' title='bbox 276 857 322 921; x_wconf 90' lang='lat' dir='ltr'><strong>at,</strong></span> <span class='ocrx_word' id='word_1_50' title='bbox 348 854 375 911; x_wconf 82' lang='lat' dir='ltr'><strong>st</strong></span> <span class='ocrx_word' id='word_1_51' title='bbox 397 855 445 911; x_wconf 84' lang='lat' dir='ltr'><strong>cat</strong></span> <span class='ocrx_word' id='word_1_52' title='bbox 464 869 560 910; x_wconf 82' lang='lat' dir='ltr'><strong>cacam</strong></span> <span class='ocrx_word' id='word_1_53' title='bbox 581 852 663 910; x_wconf 76' lang='lat' dir='ltr'><strong>istud</strong></span> <span class='ocrx_word' id='word_1_54' title='bbox 682 854 973 926; x_wconf 73' lang='lat' dir='ltr'><strong>interpretamentum</strong></span> <span class='ocrx_word' id='word_1_55' title='bbox 994 854 1139 911; x_wconf 83' lang='lat' dir='ltr'><strong>cidcbc&#39;tar</strong></span> <span class='ocrx_word' id='word_1_56' title='bbox 1160 871 1221 912; x_wconf 86' lang='lat' dir='ltr'><strong>csse</strong></span> <span class='ocrx_word' id='word_1_57' title='bbox 1244 853 1403 924; x_wconf 81' lang='lat' dir='ltr'><strong>obscurius,</strong></span> 
     </span>
     <span class='ocr_line' id='line_1_8' title="bbox 278 951 1404 1037; baseline 0.003 -24"><span class='ocrx_word' id='word_1_58' title='bbox 278 956 319 1014; x_wconf 87' lang='lat' dir='ltr'><strong>ad</strong></span> <span class='ocrx_word' id='word_1_59' title='bbox 346 956 439 1028; x_wconf 63' lang='lat' dir='ltr'><strong>maias</strong></span> <span class='ocrx_word' id='word_1_60' title='bbox 467 956 556 1013; x_wconf 83' lang='lat' dir='ltr'><strong>cerba</strong></span> <span class='ocrx_word' id='word_1_61' title='bbox 585 955 810 1013; x_wconf 81' lang='lat' dir='ltr'><strong>aac&#39;oaadcertat.</strong></span> <span class='ocrx_word' id='word_1_62' title='bbox 853 955 893 1013; x_wconf 87' lang='lat' dir='ltr'><strong>Ia</strong></span> <span class='ocrx_word' id='word_1_63' title='bbox 925 955 996 1014; x_wconf 83' lang='lat' dir='ltr'><strong>ttoro</strong></span> <span class='ocrx_word' id='word_1_64' title='bbox 1028 957 1104 1014; x_wconf 80' lang='lat' dir='ltr'><strong>caira</strong></span> <span class='ocrx_word' id='word_1_65' title='bbox 1132 951 1209 1034; x_wconf 74' lang='grc' dir='ltr'><strong>περὶ</strong></span> <span class='ocrx_word' id='word_1_66' title='bbox 1239 953 1404 1037; x_wconf 77' lang='grc' dir='ltr'><strong><em>προνοίας</em></strong></span> 
     </span>
     <span class='ocr_line' id='line_1_9' title="bbox 278 1050 1403 1139; baseline 0.003 -24"><span class='ocrx_word' id='word_1_67' title='bbox 278 1060 382 1129; x_wconf 78' lang='lat' dir='ltr'><strong>aaarto</strong></span> <span class='ocrx_word' id='word_1_68' title='bbox 419 1050 618 1139; x_wconf 72' lang='grc' dir='ltr'><em>εἱμαρμένην</em></span> <span class='ocrx_word' id='word_1_69' title='bbox 656 1073 717 1116; x_wconf 83' lang='lat' dir='ltr'><strong>esse</strong></span> <span class='ocrx_word' id='word_1_70' title='bbox 750 1057 822 1115; x_wconf 77' lang='lat' dir='ltr'><strong>dicit</strong></span> <span class='ocrx_word' id='word_1_71' title='bbox 853 1050 999 1138; x_wconf 77' lang='grc' dir='ltr'><strong><em>φυσικήν</em></strong></span> <span class='ocrx_word' id='word_1_72' title='bbox 1030 1075 1107 1118; x_wconf 88' lang='grc' dir='ltr'><strong><em>τινα</em></strong></span> <span class='ocrx_word' id='word_1_73' title='bbox 1140 1051 1298 1136; x_wconf 73' lang='grc' dir='ltr'><strong><em>σύνταξιν</em></strong></span> <span class='ocrx_word' id='word_1_74' title='bbox 1330 1055 1403 1118; x_wconf 81' lang='grc' dir='ltr'><strong>τῶν</strong></span> 
     </span>
     <span class='ocr_line' id='line_1_10' title="bbox 277 1145 1403 1239; baseline 0.001 -21"><span class='ocrx_word' id='word_1_75' title='bbox 277 1145 370 1219; x_wconf 79' lang='grc' dir='ltr'><strong><em>ὅλων</em></strong></span> <span class='ocrx_word' id='word_1_76' title='bbox 392 1152 427 1236; x_wconf 75' lang='grc' dir='ltr'><strong>ἐξ</strong></span> <span class='ocrx_word' id='word_1_77' title='bbox 450 1145 561 1220; x_wconf 76' lang='grc' dir='ltr'><strong><em>ἀϊδίου</em></strong></span> <span class='ocrx_word' id='word_1_78' title='bbox 583 1157 656 1218; x_wconf 68' lang='grc' dir='ltr'><strong><em>τοῖν</em></strong></span> <span class='ocrx_word' id='word_1_79' title='bbox 677 1151 803 1238; x_wconf 75' lang='grc' dir='ltr'><strong><em>ἑτέρων</em></strong></span> <span class='ocrx_word' id='word_1_80' title='bbox 824 1167 895 1231; x_wconf 83' lang='grc' dir='ltr'><strong><em>τοῖς</em></strong></span> <span class='ocrx_word' id='word_1_81' title='bbox 918 1150 1043 1239; x_wconf 74' lang='grc' dir='ltr'><strong><em>ἑτέροις</em></strong></span> <span class='ocrx_word' id='word_1_82' title='bbox 1065 1151 1403 1220; x_wconf 76' lang='grc' dir='ltr'><strong><em>ἐπακολουθούντων</em></strong></span> 
     </span>
     <span class='ocr_line' id='line_1_11' title="bbox 276 1248 1403 1343; baseline 0 -23"><span class='ocrx_word' id='word_1_83' title='bbox 276 1257 332 1320; x_wconf 81' lang='grc' dir='ltr'><strong>καὶ</strong></span> <span class='ocrx_word' id='word_1_84' title='bbox 365 1257 671 1340; x_wconf 80' lang='grc' dir='ltr'><strong><em>μεταπολουμένων</em></strong></span> <span class='ocrx_word' id='word_1_85' title='bbox 682 1262 705 1336; x_wconf 89' lang='lat'><strong>1)</strong></span> <span class='ocrx_word' id='word_1_86' title='bbox 746 1249 967 1340; x_wconf 82' lang='grc' dir='ltr'><strong><em>ἄπαραβύτου</em></strong></span> <span class='ocrx_word' id='word_1_87' title='bbox 1008 1248 1108 1342; x_wconf 83' lang='grc' dir='ltr'><strong><em>ούοης</em></strong></span> <span class='ocrx_word' id='word_1_88' title='bbox 1147 1259 1205 1343; x_wconf 82' lang='grc' dir='ltr'><strong>τῆς</strong></span> <span class='ocrx_word' id='word_1_89' title='bbox 1245 1253 1403 1340; x_wconf 83' lang='grc' dir='ltr'><strong><em>τοιαύτης</em></strong></span> 
     </span>
     <span class='ocr_line' id='line_1_12' title="bbox 275 1357 1404 1443; baseline -0.002 -20"><span class='ocrx_word' id='word_1_90' title='bbox 275 1357 471 1443; x_wconf 78' lang='grc' dir='ltr'><strong><em>ἐπιπλοκῆς.</em></strong></span> <span class='ocrx_word' id='word_1_91' title='bbox 507 1362 575 1422; x_wconf 83' lang='lat' dir='ltr'><strong>Sine</strong></span> <span class='ocrx_word' id='word_1_92' title='bbox 599 1362 685 1422; x_wconf 93' lang='lat' dir='ltr'><strong>dnbio</strong></span> <span class='ocrx_word' id='word_1_93' title='bbox 708 1363 866 1438; x_wconf 79' lang='lat' dir='ltr'><strong>utriusque,</strong></span> <span class='ocrx_word' id='word_1_94' title='bbox 889 1365 918 1420; x_wconf 90' lang='lat' dir='ltr'><strong>et</strong></span> <span class='ocrx_word' id='word_1_95' title='bbox 934 1362 1025 1421; x_wconf 86' lang='lat' dir='ltr'><strong>Gellii</strong></span> <span class='ocrx_word' id='word_1_96' title='bbox 1047 1366 1077 1420; x_wconf 88' lang='lat' dir='ltr'><strong>et</strong></span> <span class='ocrx_word' id='word_1_97' title='bbox 1092 1361 1240 1436; x_wconf 77' lang='lat' dir='ltr'><strong>Antiochi,</strong></span> <span class='ocrx_word' id='word_1_98' title='bbox 1262 1363 1404 1422; x_wconf 79' lang='lat' dir='ltr'><strong>intererat</strong></span> 
     </span>
     <span class='ocr_line' id='line_1_13' title="bbox 275 1463 1403 1540; baseline 0 -17"><span class='ocrx_word' id='word_1_99' title='bbox 275 1466 428 1540; x_wconf 85' lang='lat' dir='ltr'><strong>vulgarem</strong></span> <span class='ocrx_word' id='word_1_100' title='bbox 461 1465 616 1539; x_wconf 80' lang='lat' dir='ltr'><strong>tritamque</strong></span> <span class='ocrx_word' id='word_1_101' title='bbox 650 1463 848 1524; x_wconf 88' lang='lat' dir='ltr'><strong>definitionem</strong></span> <span class='ocrx_word' id='word_1_102' title='bbox 882 1464 1039 1540; x_wconf 86' lang='lat' dir='ltr'><strong>Chrysippi</strong></span> <span class='ocrx_word' id='word_1_103' title='bbox 1072 1465 1188 1539; x_wconf 80' lang='lat' dir='ltr'><strong>afferre3</strong></span> <span class='ocrx_word' id='word_1_104' title='bbox 1226 1465 1295 1524; x_wconf 87' lang='lat' dir='ltr'><strong>talis</strong></span> <span class='ocrx_word' id='word_1_105' title='bbox 1328 1465 1403 1524; x_wconf 88' lang='lat' dir='ltr'><strong>haec</strong></span> 
     </span>
     <span class='ocr_line' id='line_1_14' title="bbox 275 1565 1402 1643; baseline 0.001 -17"><span class='ocrx_word' id='word_1_106' title='bbox 275 1567 363 1626; x_wconf 86' lang='lat' dir='ltr'><strong>fuisse</strong></span> <span class='ocrx_word' id='word_1_107' title='bbox 385 1566 508 1626; x_wconf 86' lang='lat' dir='ltr'><strong>videtur.</strong></span> <span class='ocrx_word' id='word_1_108' title='bbox 553 1567 624 1627; x_wconf 90' lang='lat' dir='ltr'><strong>Cum</strong></span> <span class='ocrx_word' id='word_1_109' title='bbox 646 1568 740 1643; x_wconf 90' lang='lat' dir='ltr'><strong>prima</strong></span> <span class='ocrx_word' id='word_1_110' title='bbox 762 1571 872 1640; x_wconf 87' lang='lat' dir='ltr'><strong>autem,</strong></span> <span class='ocrx_word' id='word_1_111' title='bbox 899 1584 986 1641; x_wconf 84' lang='lat' dir='ltr'><strong>qnam</strong></span> <span class='ocrx_word' id='word_1_112' title='bbox 1008 1566 1161 1640; x_wconf 86' lang='lat' dir='ltr'><strong>habemus,</strong></span> <span class='ocrx_word' id='word_1_113' title='bbox 1188 1567 1259 1625; x_wconf 90' lang='lat' dir='ltr'><strong>libri</strong></span> <span class='ocrx_word' id='word_1_114' title='bbox 1282 1565 1318 1625; x_wconf 92' lang='lat' dir='ltr'><strong>de</strong></span> <span class='ocrx_word' id='word_1_115' title='bbox 1342 1566 1402 1627; x_wconf 85' lang='lat' dir='ltr'><strong>fato</strong></span> 
     </span>
     <span class='ocr_line' id='line_1_15' title="bbox 274 1668 1403 1746; baseline 0 -19"><span class='ocrx_word' id='word_1_116' title='bbox 274 1673 370 1745; x_wconf 86' lang='lat' dir='ltr'><strong>parte,</strong></span> <span class='ocrx_word' id='word_1_117' title='bbox 404 1670 538 1744; x_wconf 87' lang='lat' dir='ltr'><strong>quoniam</strong></span> <span class='ocrx_word' id='word_1_118' title='bbox 573 1668 612 1727; x_wconf 91' lang='lat' dir='ltr'><strong>ad</strong></span> <span class='ocrx_word' id='word_1_119' title='bbox 641 1671 826 1728; x_wconf 82' lang='lat' dir='ltr'><strong>corceaioaeoa</strong></span> <span class='ocrx_word' id='word_1_120' title='bbox 854 1671 904 1728; x_wconf 80' lang='lat' dir='ltr'><strong>vel</strong></span> <span class='ocrx_word' id='word_1_121' title='bbox 935 1668 984 1744; x_wconf 90' lang='lat' dir='ltr'><strong>(de</strong></span> <span class='ocrx_word' id='word_1_122' title='bbox 1012 1669 1071 1728; x_wconf 82' lang='lat' dir='ltr'><strong>fato</strong></span> <span class='ocrx_word' id='word_1_123' title='bbox 1104 1670 1168 1746; x_wconf 60' lang='grc' dir='ltr'><strong>θλ)</strong></span> <span class='ocrx_word' id='word_1_124' title='bbox 1200 1671 1403 1744; x_wconf 82' lang='lat' dir='ltr'><strong>coortapc‘oacm</strong></span> 
     </span>
     <span class='ocr_line' id='line_1_16' title="bbox 274 1769 1402 1849; baseline -0.001 -18"><span class='ocrx_word' id='word_1_125' title='bbox 274 1789 372 1831; x_wconf 86' lang='lat' dir='ltr'><strong>reram</strong></span> <span class='ocrx_word' id='word_1_126' title='bbox 393 1773 534 1849; x_wconf 85' lang='lat' dir='ltr'><strong>pertinet,</strong></span> <span class='ocrx_word' id='word_1_127' title='bbox 563 1771 642 1830; x_wconf 90' lang='lat' dir='ltr'><strong>baud</strong></span> <span class='ocrx_word' id='word_1_128' title='bbox 665 1774 742 1831; x_wconf 88' lang='lat' dir='ltr'><strong>male</strong></span> <span class='ocrx_word' id='word_1_129' title='bbox 765 1773 913 1845; x_wconf 87' lang='lat' dir='ltr'><strong>convenit,</strong></span> <span class='ocrx_word' id='word_1_130' title='bbox 941 1771 1019 1847; x_wconf 92' lang='lat' dir='ltr'><strong>quod</strong></span> <span class='ocrx_word' id='word_1_131' title='bbox 1042 1769 1098 1830; x_wconf 87' lang='lat' dir='ltr'><strong>bac</strong></span> <span class='ocrx_word' id='word_1_132' title='bbox 1120 1770 1289 1831; x_wconf 88' lang='lat' dir='ltr'><strong>definitione</strong></span> <span class='ocrx_word' id='word_1_133' title='bbox 1310 1771 1402 1830; x_wconf 83' lang='lat' dir='ltr'><strong>fatum</strong></span> 
     </span>
     <span class='ocr_line' id='line_1_17' title="bbox 275 1863 1403 1954; baseline -0.002 -21"><span class='ocrx_word' id='word_1_134' title='bbox 275 1873 448 1934; x_wconf 79' lang='lat' dir='ltr'><strong>describitur</strong></span> <span class='ocrx_word' id='word_1_135' title='bbox 484 1891 547 1935; x_wconf 88' lang='lat' dir='ltr'><strong>esse</strong></span> <span class='ocrx_word' id='word_1_136' title='bbox 584 1869 730 1954; x_wconf 84' lang='grc' dir='ltr'><strong><em>φυσικήν</em></strong></span> <span class='ocrx_word' id='word_1_137' title='bbox 766 1893 841 1936; x_wconf 90' lang='grc' dir='ltr'><strong><em>τινα</em></strong></span> <span class='ocrx_word' id='word_1_138' title='bbox 878 1868 1037 1952; x_wconf 76' lang='grc' dir='ltr'><strong><em>σύνταξιν</em></strong></span> <span class='ocrx_word' id='word_1_139' title='bbox 1069 1873 1140 1935; x_wconf 78' lang='grc' dir='ltr'><strong>τῶν</strong></span> <span class='ocrx_word' id='word_1_140' title='bbox 1174 1863 1279 1935; x_wconf 76' lang='grc' dir='ltr'><strong><em>ὅλωνε</em></strong></span> <span class='ocrx_word' id='word_1_141' title='bbox 1318 1875 1403 1949; x_wconf 84' lang='lat' dir='ltr'><strong>qnasi</strong></span> 
     </span>
     <span class='ocr_line' id='line_1_18' title="bbox 275 1969 1402 2054; baseline 0 -18"><span class='ocrx_word' id='word_1_142' title='bbox 275 1978 402 2036; x_wconf 88' lang='lat' dir='ltr'><strong>sentiens</strong></span> <span class='ocrx_word' id='word_1_143' title='bbox 432 1994 463 2035; x_wconf 88' lang='lat' dir='ltr'><strong>se</strong></span> <span class='ocrx_word' id='word_1_144' title='bbox 494 1995 567 2036; x_wconf 86' lang='lat' dir='ltr'><strong>voce</strong></span> <span class='ocrx_word' id='word_1_145' title='bbox 597 1979 762 2036; x_wconf 83' lang='lat' dir='ltr'><strong>coacaioac‘s</strong></span> <span class='ocrx_word' id='word_1_146' title='bbox 792 1980 932 2052; x_wconf 87' lang='lat' dir='ltr'><strong>usurpata</strong></span> <span class='ocrx_word' id='word_1_147' title='bbox 953 1969 1079 2054; x_wconf 74' lang='grc' dir='ltr'><strong><em>τάξεως</em></strong></span> <span class='ocrx_word' id='word_1_148' title='bbox 1100 1977 1247 2035; x_wconf 90' lang='lat' dir='ltr'><strong>notionem</strong></span> <span class='ocrx_word' id='word_1_149' title='bbox 1270 1977 1402 2036; x_wconf 86' lang='lat' dir='ltr'><strong>omisisse</strong></span> 
     </span>
     <span class='ocr_line' id='line_1_19' title="bbox 275 2078 1402 2153; baseline -0.003 -15"><span class='ocrx_word' id='word_1_150' title='bbox 275 2078 378 2138; x_wconf 90' lang='lat' dir='ltr'><strong>Cicero</strong></span> <span class='ocrx_word' id='word_1_151' title='bbox 402 2078 527 2138; x_wconf 87' lang='lat' dir='ltr'><strong>addidit:</strong></span> <span class='ocrx_word' id='word_1_152' title='bbox 551 2096 626 2152; x_wconf 80' lang='lat' dir='ltr'><strong>accae</strong></span> <span class='ocrx_word' id='word_1_153' title='bbox 648 2097 709 2139; x_wconf 88' lang='lat' dir='ltr'><strong>sao</strong></span> <span class='ocrx_word' id='word_1_154' title='bbox 737 2080 860 2137; x_wconf 79' lang='lat' dir='ltr'><strong>ardiae</strong></span> <span class='ocrx_word' id='word_1_155' title='bbox 887 2083 921 2136; x_wconf 91' lang='lat' dir='ltr'><strong>ct</strong></span> <span class='ocrx_word' id='word_1_156' title='bbox 943 2080 1017 2152; x_wconf 75' lang='lat' dir='ltr'><strong>iope</strong></span> <span class='ocrx_word' id='word_1_157' title='bbox 1038 2079 1208 2153; x_wconf 65' lang='lat' dir='ltr'><strong>careotas-t)</strong></span> <span class='ocrx_word' id='word_1_158' title='bbox 1253 2078 1402 2139; x_wconf 76' lang='lat' dir='ltr'><strong>Ciceronis</strong></span> 
     </span>
     <span class='ocr_line' id='line_1_20' title="bbox 275 2168 1401 2258; baseline 0 -20"><span class='ocrx_word' id='word_1_159' title='bbox 275 2181 373 2239; x_wconf 89' lang='lat' dir='ltr'><strong>verbis</strong></span> <span class='ocrx_word' id='word_1_160' title='bbox 393 2198 447 2254; x_wconf 87' lang='lat' dir='ltr'><strong>per</strong></span> <span class='ocrx_word' id='word_1_161' title='bbox 469 2184 672 2240; x_wconf 80' lang='lat' dir='ltr'><strong>aeternitatem</strong></span> <span class='ocrx_word' id='word_1_162' title='bbox 692 2181 823 2240; x_wconf 86' lang='lat' dir='ltr'><strong>redditur</strong></span> <span class='ocrx_word' id='word_1_163' title='bbox 845 2174 879 2258; x_wconf 76' lang='grc' dir='ltr'><strong>ἐξ</strong></span> <span class='ocrx_word' id='word_1_164' title='bbox 902 2168 1025 2253; x_wconf 71' lang='lat' dir='ltr'><strong>aldion,</strong></span> <span class='ocrx_word' id='word_1_165' title='bbox 1053 2181 1201 2239; x_wconf 84' lang='lat' dir='ltr'><strong>extremis:</strong></span> <span class='ocrx_word' id='word_1_166' title='bbox 1227 2181 1272 2238; x_wconf 85' lang='lat' dir='ltr'><strong>c&#39;ta</strong></span> <span class='ocrx_word' id='word_1_167' title='bbox 1297 2184 1401 2249; x_wconf 83' lang='lat' dir='ltr'><strong>tamea,</strong></span> 
     </span>
     <span class='ocr_line' id='line_1_21' title="bbox 274 2269 1401 2363; baseline 0.004 -23"><span class='ocrx_word' id='word_1_168' title='bbox 274 2288 310 2341; x_wconf 91' lang='lat' dir='ltr'><strong>at</strong></span> <span class='ocrx_word' id='word_1_169' title='bbox 336 2285 416 2357; x_wconf 86' lang='lat' dir='ltr'><strong>tpsa</strong></span> <span class='ocrx_word' id='word_1_170' title='bbox 444 2285 573 2343; x_wconf 79' lang='lat' dir='ltr'><strong>uarietas</strong></span> <span class='ocrx_word' id='word_1_171' title='bbox 604 2285 734 2342; x_wconf 85' lang='lat' dir='ltr'><strong>babeat</strong></span> <span class='ocrx_word' id='word_1_172' title='bbox 762 2285 1014 2341; x_wconf 78' lang='lat' dir='ltr'><strong>aeternitatem</strong></span> <span class='ocrx_word' id='word_1_173' title='bbox 1043 2283 1243 2359; x_wconf 88' lang='lat' dir='ltr'><strong>exprimuntur</strong></span> <span class='ocrx_word' id='word_1_174' title='bbox 1273 2269 1401 2363; x_wconf 78' lang='grc' dir='ltr'><strong><em>ἀπαρα-</em></strong></span> 
     </span>
     <span class='ocr_line' id='line_1_22' title="bbox 274 2373 1401 2468; baseline -0.002 -23"><span class='ocrx_word' id='word_1_175' title='bbox 274 2378 380 2462; x_wconf 84' lang='grc' dir='ltr'><strong><em>βύτου</em></strong></span> <span class='ocrx_word' id='word_1_176' title='bbox 403 2373 505 2467; x_wconf 87' lang='grc' dir='ltr'><strong><em>ούοης</em></strong></span> <span class='ocrx_word' id='word_1_177' title='bbox 527 2384 585 2468; x_wconf 80' lang='grc' dir='ltr'><strong>τῆς</strong></span> <span class='ocrx_word' id='word_1_178' title='bbox 606 2380 764 2467; x_wconf 76' lang='grc' dir='ltr'><strong><em>τοιαύτης</em></strong></span> <span class='ocrx_word' id='word_1_179' title='bbox 787 2379 984 2468; x_wconf 55' lang='grc' dir='ltr'><strong><em>ἐπιπλοκῆς</em></strong></span> <span class='ocrx_word' id='word_1_180' title='bbox 1006 2385 1129 2459; x_wconf 88' lang='lat' dir='ltr'><strong>reliquis</strong></span> <span class='ocrx_word' id='word_1_181' title='bbox 1149 2384 1274 2460; x_wconf 87' lang='lat' dir='ltr'><strong>denique</strong></span> <span class='ocrx_word' id='word_1_182' title='bbox 1289 2386 1401 2444; x_wconf 86' lang='lat' dir='ltr'><strong>verbis:</strong></span> 
     </span>
     <span class='ocr_line' id='line_1_23' title="bbox 275 2484 1403 2561; baseline -0.001 -16"><span class='ocrx_word' id='word_1_183' title='bbox 275 2503 310 2545; x_wconf 86' lang='lat' dir='ltr'><strong>se</strong></span> <span class='ocrx_word' id='word_1_184' title='bbox 334 2487 486 2561; x_wconf 58' lang='lat' dir='ltr'><strong>,taoc‘cera</strong></span> <span class='ocrx_word' id='word_1_185' title='bbox 518 2491 649 2557; x_wconf 84' lang='lat' dir='ltr'><strong>teneas,</strong></span> <span class='ocrx_word' id='word_1_186' title='bbox 680 2503 755 2559; x_wconf 79' lang='lat' dir='ltr'><strong>aaac</strong></span> <span class='ocrx_word' id='word_1_187' title='bbox 851 2487 987 2545; x_wconf 80' lang='lat' dir='ltr'><strong>cariata</strong></span> <span class='ocrx_word' id='word_1_188' title='bbox 1016 2503 1101 2544; x_wconf 89' lang='lat' dir='ltr'><strong>nemo</strong></span> <span class='ocrx_word' id='word_1_189' title='bbox 1131 2486 1188 2543; x_wconf 89' lang='lat' dir='ltr'><strong>iam</strong></span> <span class='ocrx_word' id='word_1_190' title='bbox 1216 2484 1321 2544; x_wconf 88' lang='lat' dir='ltr'><strong>infitias</strong></span> <span class='ocrx_word' id='word_1_191' title='bbox 1349 2485 1403 2544; x_wconf 92' lang='lat' dir='ltr'><strong>ibit</strong></span> 
     </span>
     <span class='ocr_line' id='line_1_24' title="bbox 275 2579 1402 2670; baseline -0.001 -21"><span class='ocrx_word' id='word_1_192' title='bbox 275 2589 444 2649; x_wconf 89' lang='lat' dir='ltr'><strong>Ciceronem</strong></span> <span class='ocrx_word' id='word_1_193' title='bbox 484 2589 670 2648; x_wconf 83' lang='lat' dir='ltr'><strong>transtulisse</strong></span> <span class='ocrx_word' id='word_1_194' title='bbox 707 2589 863 2665; x_wconf 85' lang='lat' dir='ltr'><strong>Chrysippi</strong></span> <span class='ocrx_word' id='word_1_195' title='bbox 899 2588 971 2650; x_wconf 79' lang='grc' dir='ltr'><strong>τῶν</strong></span> <span class='ocrx_word' id='word_1_196' title='bbox 1007 2581 1131 2670; x_wconf 73' lang='grc' dir='ltr'><strong><em>ἑτέρων</em></strong></span> <span class='ocrx_word' id='word_1_197' title='bbox 1167 2597 1239 2662; x_wconf 81' lang='grc' dir='ltr'><strong><em>τοῖς</em></strong></span> <span class='ocrx_word' id='word_1_198' title='bbox 1276 2579 1402 2668; x_wconf 74' lang='grc' dir='ltr'><strong><em>ἑτέροις</em></strong></span> 
     </span>
     <span class='ocr_line' id='line_1_25' title="bbox 275 2685 1401 2771; baseline -0.003 -20"><span class='ocrx_word' id='word_1_199' title='bbox 275 2685 611 2752; x_wconf 78' lang='grc' dir='ltr'><strong><em>ἐπακολουθούντων</em></strong></span> <span class='ocrx_word' id='word_1_200' title='bbox 650 2688 706 2751; x_wconf 89' lang='grc' dir='ltr'><strong>καὶ</strong></span> <span class='ocrx_word' id='word_1_201' title='bbox 742 2688 1059 2771; x_wconf 82' lang='grc' dir='ltr'><strong><em>μεταπολουμένων.</em></strong></span> <span class='ocrx_word' id='word_1_202' title='bbox 1118 2691 1152 2750; x_wconf 92' lang='lat' dir='ltr'><strong>Id</strong></span> <span class='ocrx_word' id='word_1_203' title='bbox 1189 2709 1272 2764; x_wconf 85' lang='lat' dir='ltr'><strong>vero,</strong></span> <span class='ocrx_word' id='word_1_204' title='bbox 1314 2707 1401 2765; x_wconf 86' lang='lat' dir='ltr'><strong>quam</strong></span> 
     </span>
     <span class='ocr_line' id='line_1_26' title="bbox 275 2791 1401 2869; baseline 0.001 -20"><span class='ocrx_word' id='word_1_205' title='bbox 275 2791 395 2852; x_wconf 89' lang='lat' dir='ltr'><strong>difficile</strong></span> <span class='ocrx_word' id='word_1_206' title='bbox 432 2794 469 2851; x_wconf 89' lang='lat' dir='ltr'><strong>sit</strong></span> <span class='ocrx_word' id='word_1_207' title='bbox 501 2793 615 2852; x_wconf 81' lang='lat' dir='ltr'><strong>Graeca</strong></span> <span class='ocrx_word' id='word_1_208' title='bbox 649 2794 704 2851; x_wconf 89' lang='lat' dir='ltr'><strong>illa</strong></span> <span class='ocrx_word' id='word_1_209' title='bbox 739 2794 770 2851; x_wconf 91' lang='lat' dir='ltr'><strong>in</strong></span> <span class='ocrx_word' id='word_1_210' title='bbox 802 2794 910 2851; x_wconf 87' lang='lat' dir='ltr'><strong>Latina</strong></span> <span class='ocrx_word' id='word_1_211' title='bbox 945 2796 1116 2853; x_wconf 81' lang='lat' dir='ltr'><strong>convertere</strong></span> <span class='ocrx_word' id='word_1_212' title='bbox 1152 2794 1255 2869; x_wconf 86' lang='lat' dir='ltr'><strong>verba,</strong></span> <span class='ocrx_word' id='word_1_213' title='bbox 1292 2792 1401 2868; x_wconf 88' lang='lat' dir='ltr'><strong>optime</strong></span> 
     </span>
     <span class='ocr_line' id='line_1_27' title="bbox 275 2896 1400 2972; baseline 0 -19"><span class='ocrx_word' id='word_1_214' title='bbox 275 2896 460 2970; x_wconf 84' lang='lat' dir='ltr'><strong>cognoscitur</strong></span> <span class='ocrx_word' id='word_1_215' title='bbox 493 2898 602 2955; x_wconf 89' lang='lat' dir='ltr'><strong>collato</strong></span> <span class='ocrx_word' id='word_1_216' title='bbox 636 2896 739 2969; x_wconf 83' lang='lat' dir='ltr'><strong>Gellii,</strong></span> <span class='ocrx_word' id='word_1_217' title='bbox 773 2896 851 2970; x_wconf 92' lang='lat' dir='ltr'><strong>quod</strong></span> <span class='ocrx_word' id='word_1_218' title='bbox 884 2914 971 2972; x_wconf 90' lang='lat' dir='ltr'><strong>supra</strong></span> <span class='ocrx_word' id='word_1_219' title='bbox 1004 2897 1100 2970; x_wconf 84' lang='lat' dir='ltr'><strong>attuli,</strong></span> <span class='ocrx_word' id='word_1_220' title='bbox 1132 2898 1400 2970; x_wconf 80' lang='lat' dir='ltr'><strong>interpretameat.</strong></span> 
     </span>
     <span class='ocr_line' id='line_1_28' title="bbox 273 2996 1398 3075; baseline 0 -19"><span class='ocrx_word' id='word_1_221' title='bbox 273 2998 393 3056; x_wconf 80' lang='lat' dir='ltr'><strong>Maximi</strong></span> <span class='ocrx_word' id='word_1_222' title='bbox 421 2998 540 3058; x_wconf 86' lang='lat' dir='ltr'><strong>tandem</strong></span> <span class='ocrx_word' id='word_1_223' title='bbox 570 2998 709 3075; x_wconf 87' lang='lat' dir='ltr'><strong>ponderis</strong></span> <span class='ocrx_word' id='word_1_224' title='bbox 737 2998 768 3057; x_wconf 93' lang='lat' dir='ltr'><strong>id</strong></span> <span class='ocrx_word' id='word_1_225' title='bbox 798 3016 913 3073; x_wconf 89' lang='lat' dir='ltr'><strong>quoque</strong></span> <span class='ocrx_word' id='word_1_226' title='bbox 937 3016 1041 3058; x_wconf 89' lang='lat' dir='ltr'><strong>censeo</strong></span> <span class='ocrx_word' id='word_1_227' title='bbox 1065 3015 1141 3073; x_wconf 87' lang='lat' dir='ltr'><strong>osse,</strong></span> <span class='ocrx_word' id='word_1_228' title='bbox 1172 2998 1250 3072; x_wconf 88' lang='lat' dir='ltr'><strong>quod</strong></span> <span class='ocrx_word' id='word_1_229' title='bbox 1273 2996 1398 3058; x_wconf 88' lang='lat' dir='ltr'><strong>ethaeo</strong></span> 
     </span>
     <span class='ocr_line' id='line_1_29' title="bbox 274 3099 1400 3178; baseline -0.001 -20"><span class='ocrx_word' id='word_1_230' title='bbox 274 3100 402 3159; x_wconf 89' lang='lat' dir='ltr'><strong>definitio</strong></span> <span class='ocrx_word' id='word_1_231' title='bbox 426 3105 462 3174; x_wconf 88' lang='lat' dir='ltr'><strong>et,</strong></span> <span class='ocrx_word' id='word_1_232' title='bbox 485 3119 571 3176; x_wconf 85' lang='lat' dir='ltr'><strong>quum</strong></span> <span class='ocrx_word' id='word_1_233' title='bbox 594 3121 631 3160; x_wconf 84' lang='lat' dir='ltr'><strong>ex</strong></span> <span class='ocrx_word' id='word_1_234' title='bbox 653 3100 686 3178; x_wconf 62' lang='grc' dir='ltr'><strong>ἓξ</strong></span> <span class='ocrx_word' id='word_1_235' title='bbox 703 3103 796 3176; x_wconf 88' lang='lat' dir='ltr'><strong>7sqq.</strong></span> <span class='ocrx_word' id='word_1_236' title='bbox 819 3102 961 3174; x_wconf 89' lang='lat' dir='ltr'><strong>novimus,</strong></span> <span class='ocrx_word' id='word_1_237' title='bbox 983 3099 1119 3160; x_wconf 86' lang='lat' dir='ltr'><strong>refutatio</strong></span> <span class='ocrx_word' id='word_1_238' title='bbox 1141 3101 1296 3176; x_wconf 88' lang='lat' dir='ltr'><strong>bipertitae</strong></span> <span class='ocrx_word' id='word_1_239' title='bbox 1320 3103 1400 3159; x_wconf 89' lang='lat' dir='ltr'><strong>sunt:</strong></span> 
     </span>
     <span class='ocr_line' id='line_1_30' title="bbox 273 3194 1401 3282; baseline 0 -22"><span class='ocrx_word' id='word_1_240' title='bbox 273 3220 379 3278; x_wconf 88' lang='lat' dir='ltr'><strong>nempe</strong></span> <span class='ocrx_word' id='word_1_241' title='bbox 413 3205 539 3263; x_wconf 87' lang='lat' dir='ltr'><strong>concinit</strong></span> <span class='ocrx_word' id='word_1_242' title='bbox 572 3221 636 3262; x_wconf 91' lang='lat' dir='ltr'><strong>cum</strong></span> <span class='ocrx_word' id='word_1_243' title='bbox 669 3204 766 3279; x_wconf 92' lang='lat' dir='ltr'><strong>priore</strong></span> <span class='ocrx_word' id='word_1_244' title='bbox 800 3202 976 3262; x_wconf 89' lang='lat' dir='ltr'><strong>definitionis</strong></span> <span class='ocrx_word' id='word_1_245' title='bbox 1008 3207 1092 3278; x_wconf 86' lang='lat' dir='ltr'><strong>purte</strong></span> <span class='ocrx_word' id='word_1_246' title='bbox 1124 3194 1224 3279; x_wconf 75' lang='lat' dir='ltr'><strong>(sicae</strong></span> <span class='ocrx_word' id='word_1_247' title='bbox 1254 3196 1401 3282; x_wconf 84' lang='grc' dir='ltr'><strong><em>φυσικήν</em></strong></span> 
     </span>
     <span class='ocr_line' id='line_1_31' title="bbox 274 3295 1401 3382; baseline -0.002 -18"><span class='ocrx_word' id='word_1_248' title='bbox 274 3322 350 3364; x_wconf 92' lang='grc' dir='ltr'><strong><em>τινα</em></strong></span> <span class='ocrx_word' id='word_1_249' title='bbox 379 3295 537 3382; x_wconf 74' lang='grc' dir='ltr'><strong><em>σύνταξιν</em></strong></span> <span class='ocrx_word' id='word_1_250' title='bbox 563 3304 633 3365; x_wconf 81' lang='grc' dir='ltr'><strong>τῶν</strong></span> <span class='ocrx_word' id='word_1_251' title='bbox 661 3295 765 3375; x_wconf 80' lang='grc' dir='ltr'><strong><em>ὅλων)</em></strong></span> <span class='ocrx_word' id='word_1_252' title='bbox 795 3304 874 3379; x_wconf 90' lang='lat' dir='ltr'><strong>quod</strong></span> <span class='ocrx_word' id='word_1_253' title='bbox 901 3307 951 3377; x_wconf 75' lang='lat'><strong>§7</strong></span> <span class='ocrx_word' id='word_1_254' title='bbox 980 3305 1097 3364; x_wconf 89' lang='lat' dir='ltr'><strong>dicitur:</strong></span> <span class='ocrx_word' id='word_1_255' title='bbox 1118 3307 1250 3378; x_wconf 80' lang='lat' dir='ltr'><strong>primata</strong></span> <span class='ocrx_word' id='word_1_256' title='bbox 1278 3305 1312 3363; x_wconf 85' lang='lat' dir='ltr'><strong>de</strong></span> <span class='ocrx_word' id='word_1_257' title='bbox 1333 3306 1401 3378; x_wconf 66' lang='lat' dir='ltr'><strong>arsa</strong></span> 
     </span>
     <span class='ocr_line' id='line_1_32' title="bbox 276 3407 1400 3484; baseline 0.001 -20"><span class='ocrx_word' id='word_1_258' title='bbox 276 3409 449 3481; x_wconf 81' lang='lat' dir='ltr'><strong>coataptoae</strong></span> <span class='ocrx_word' id='word_1_259' title='bbox 488 3424 586 3465; x_wconf 82' lang='lat' dir='ltr'><strong>reram</strong></span> <span class='ocrx_word' id='word_1_260' title='bbox 625 3408 865 3480; x_wconf 81' lang='lat' dir='ltr'><strong>rcepoocdearaas3</strong></span> <span class='ocrx_word' id='word_1_261' title='bbox 907 3411 994 3482; x_wconf 86' lang='lat' dir='ltr'><strong>atque</strong></span> <span class='ocrx_word' id='word_1_262' title='bbox 1032 3426 1079 3483; x_wconf 86' lang='lat' dir='ltr'><strong>ea,</strong></span> <span class='ocrx_word' id='word_1_263' title='bbox 1121 3425 1195 3482; x_wconf 86' lang='lat' dir='ltr'><strong>quae</strong></span> <span class='ocrx_word' id='word_1_264' title='bbox 1232 3407 1266 3484; x_wconf 63' lang='grc' dir='ltr'><strong>ξς</strong></span> <span class='ocrx_word' id='word_1_265' title='bbox 1290 3408 1400 3465; x_wconf 87' lang='grc'>8-10</span> 
     </span>
    </p>
   </div>
   <div class='ocr_carea' id='block_1_3' title="bbox 273 3622 1401 4191">
    <p class='ocr_par' dir='ltr' id='par_1_3' title="bbox 274 3622 1400 3863">
     <span class='ocr_line' id='line_1_33' title="bbox 361 3622 1399 3690; baseline 0 -13"><span class='ocrx_word' id='word_1_266' title='bbox 361 3625 382 3690; x_wconf 83' lang='lat'><strong>¹)</strong></span> <span class='ocrx_word' id='word_1_267' title='bbox 417 3623 560 3678; x_wconf 86' lang='lat' dir='ltr'><strong>Traditum</strong></span> <span class='ocrx_word' id='word_1_268' title='bbox 591 3623 924 3678; x_wconf 82' lang='grc' dir='ltr'><em>ΜΕΑΠΟΑΥΜΕΝΩΝ</em></span> <span class='ocrx_word' id='word_1_269' title='bbox 952 3623 991 3678; x_wconf 88' lang='lat' dir='ltr'><strong>ita</strong></span> <span class='ocrx_word' id='word_1_270' title='bbox 1024 3622 1180 3678; x_wconf 88' lang='lat' dir='ltr'><strong>emendavit</strong></span> <span class='ocrx_word' id='word_1_271' title='bbox 1209 3622 1399 3690; x_wconf 82' lang='lat' dir='ltr'><strong>Kumanudes3</strong></span> 
     </span>
     <span class='ocr_line' id='line_1_34' title="bbox 274 3701 1400 3779; baseline -0.003 -16"><span class='ocrx_word' id='word_1_272' title='bbox 274 3707 362 3763; x_wconf 84' lang='lat' dir='ltr'><strong>Zeller</strong></span> <span class='ocrx_word' id='word_1_273' title='bbox 379 3703 613 3778; x_wconf 77' lang='grc' dir='ltr'><strong><em>ἐπιπλεκομένων,</em></strong></span> <span class='ocrx_word' id='word_1_274' title='bbox 632 3708 737 3764; x_wconf 83' lang='lat' dir='ltr'><strong>Usener</strong></span> <span class='ocrx_word' id='word_1_275' title='bbox 754 3702 793 3777; x_wconf 81' lang='grc' dir='ltr'><strong>μὴ</strong></span> <span class='ocrx_word' id='word_1_276' title='bbox 812 3701 1016 3776; x_wconf 78' lang='grc' dir='ltr'><strong><em>ἀπολυομένου</em></strong></span> <span class='ocrx_word' id='word_1_277' title='bbox 1029 3709 1074 3779; x_wconf 87' lang='lat' dir='ltr'><strong>(cf.</strong></span> <span class='ocrx_word' id='word_1_278' title='bbox 1085 3709 1168 3764; x_wconf 78' lang='lat' dir='ltr'><strong>Hertz</strong></span> <span class='ocrx_word' id='word_1_279' title='bbox 1182 3708 1225 3763; x_wconf 86' lang='lat' dir='ltr'><strong>ed.</strong></span> <span class='ocrx_word' id='word_1_280' title='bbox 1238 3709 1297 3763; x_wconf 87' lang='lat' dir='ltr'><strong>mai.</strong></span> <span class='ocrx_word' id='word_1_281' title='bbox 1309 3707 1400 3763; x_wconf 77' lang='lat' dir='ltr'><strong>Gelil</strong></span> 
     </span>
     <span class='ocr_line' id='line_1_35' title="bbox 274 3793 832 3863; baseline 0.002 -16"><span class='ocrx_word' id='word_1_282' title='bbox 274 3808 300 3863; x_wconf 93' lang='lat' dir='ltr'><strong>p.</strong></span> <span class='ocrx_word' id='word_1_283' title='bbox 315 3797 376 3862; x_wconf 79' lang='lat'><strong>3793</strong></span> <span class='ocrx_word' id='word_1_284' title='bbox 396 3793 512 3863; x_wconf 84' lang='lat' dir='ltr'><strong>Gercke,</strong></span> <span class='ocrx_word' id='word_1_285' title='bbox 533 3793 705 3863; x_wconf 82' lang='lat' dir='ltr'><strong>Chrysippea</strong></span> <span class='ocrx_word' id='word_1_286' title='bbox 721 3810 748 3861; x_wconf 92' lang='lat' dir='ltr'><strong>p.</strong></span> <span class='ocrx_word' id='word_1_287' title='bbox 762 3795 832 3863; x_wconf 80' lang='lat'>714).</span> 
     </span>
    </p>

    <p class='ocr_par' dir='ltr' id='par_1_4' title="bbox 273 3877 1401 4191">
     <span class='ocr_line' id='line_1_36' title="bbox 360 3877 1401 3949; baseline 0 -17"><span class='ocrx_word' id='word_1_288' title='bbox 360 3880 382 3947; x_wconf 83' lang='lat'><strong>²)</strong></span> <span class='ocrx_word' id='word_1_289' title='bbox 408 3878 442 3932; x_wconf 92' lang='lat' dir='ltr'><strong>Id</strong></span> <span class='ocrx_word' id='word_1_290' title='bbox 469 3879 545 3949; x_wconf 90' lang='lat' dir='ltr'><strong>quod</strong></span> <span class='ocrx_word' id='word_1_291' title='bbox 571 3894 604 3933; x_wconf 89' lang='lat' dir='ltr'><strong>eo</strong></span> <span class='ocrx_word' id='word_1_292' title='bbox 631 3879 740 3933; x_wconf 82' lang='lat' dir='ltr'><strong>maioris</strong></span> <span class='ocrx_word' id='word_1_293' title='bbox 767 3879 852 3934; x_wconf 88' lang='lat' dir='ltr'><strong>debet</strong></span> <span class='ocrx_word' id='word_1_294' title='bbox 875 3880 1004 3934; x_wconf 90' lang='lat' dir='ltr'><strong>momenti</strong></span> <span class='ocrx_word' id='word_1_295' title='bbox 1032 3895 1104 3949; x_wconf 87' lang='lat' dir='ltr'><strong>esse,</strong></span> <span class='ocrx_word' id='word_1_296' title='bbox 1134 3877 1210 3948; x_wconf 90' lang='lat' dir='ltr'><strong>quod</strong></span> <span class='ocrx_word' id='word_1_297' title='bbox 1233 3894 1268 3934; x_wconf 86' lang='lat' dir='ltr'><strong>ex</strong></span> <span class='ocrx_word' id='word_1_298' title='bbox 1291 3878 1360 3934; x_wconf 86' lang='lat' dir='ltr'><strong>locis</strong></span> <span class='ocrx_word' id='word_1_299' title='bbox 1384 3892 1401 3933; x_wconf 81' lang='lat' dir='ltr'><strong>a</strong></span> 
     </span>
     <span class='ocr_line' id='line_1_37' title="bbox 274 3962 1399 4035; baseline -0.002 -18"><span class='ocrx_word' id='word_1_300' title='bbox 274 3964 493 4033; x_wconf 85' lang='lat' dir='ltr'><strong>Stuevio(p.16)</strong></span> <span class='ocrx_word' id='word_1_301' title='bbox 511 3964 643 4034; x_wconf 79' lang='lat' dir='ltr'><strong>collectis,</strong></span> <span class='ocrx_word' id='word_1_302' title='bbox 662 3963 784 4032; x_wconf 87' lang='lat' dir='ltr'><strong>inprimis</strong></span> <span class='ocrx_word' id='word_1_303' title='bbox 802 3963 838 4018; x_wconf 92' lang='lat' dir='ltr'><strong>de</strong></span> <span class='ocrx_word' id='word_1_304' title='bbox 856 3969 909 4018; x_wconf 89' lang='lat' dir='ltr'><strong>nat.</strong></span> <span class='ocrx_word' id='word_1_305' title='bbox 923 3963 998 4019; x_wconf 91' lang='lat' dir='ltr'><strong>deor.</strong></span> <span class='ocrx_word' id='word_1_306' title='bbox 1008 3965 1036 4018; x_wconf 91' lang='lat' dir='ltr'><strong>II</strong></span> <span class='ocrx_word' id='word_1_307' title='bbox 1048 3964 1065 4035; x_wconf 58' lang='grc' dir='ltr'><strong><em>ᾖ</em></strong></span> <span class='ocrx_word' id='word_1_308' title='bbox 1076 3968 1107 4018; x_wconf 84' lang='grc'><strong>19</strong></span> <span class='ocrx_word' id='word_1_309' title='bbox 1126 3968 1154 4018; x_wconf 89' lang='lat' dir='ltr'><strong>et</strong></span> <span class='ocrx_word' id='word_1_310' title='bbox 1172 3964 1208 4019; x_wconf 88' lang='lat' dir='ltr'><strong>de</strong></span> <span class='ocrx_word' id='word_1_311' title='bbox 1225 3962 1280 4019; x_wconf 91' lang='lat' dir='ltr'><strong>div.</strong></span> <span class='ocrx_word' id='word_1_312' title='bbox 1290 3963 1318 4016; x_wconf 90' lang='grc' dir='ltr'><strong>ΙΙ</strong></span> <span class='ocrx_word' id='word_1_313' title='bbox 1330 3962 1347 4030; x_wconf 66' lang='lat'>5</span> <span class='ocrx_word' id='word_1_314' title='bbox 1359 3966 1399 4032; x_wconf 85' lang='grc'><strong>19,</strong></span> 
     </span>
     <span class='ocr_line' id='line_1_38' title="bbox 273 4045 1400 4117; baseline -0.002 -14"><span class='ocrx_word' id='word_1_315' title='bbox 273 4055 388 4117; x_wconf 86' lang='lat' dir='ltr'><strong>apparet</strong></span> <span class='ocrx_word' id='word_1_316' title='bbox 410 4048 568 4104; x_wconf 77' lang='lat' dir='ltr'><strong>Ciceronem</strong></span> <span class='ocrx_word' id='word_1_317' title='bbox 594 4065 692 4104; x_wconf 88' lang='lat' dir='ltr'><strong>vocem</strong></span> <span class='ocrx_word' id='word_1_318' title='bbox 716 4048 824 4103; x_wconf 77' lang='lat' dir='ltr'><strong>ordinis</strong></span> <span class='ocrx_word' id='word_1_319' title='bbox 846 4050 874 4103; x_wconf 92' lang='lat' dir='ltr'><strong>in</strong></span> <span class='ocrx_word' id='word_1_320' title='bbox 898 4048 1092 4108; x_wconf 87' lang='lat' dir='ltr'><strong>convertendis</strong></span> <span class='ocrx_word' id='word_1_321' title='bbox 1116 4048 1269 4104; x_wconf 89' lang='lat' dir='ltr'><strong>nominibus</strong></span> <span class='ocrx_word' id='word_1_322' title='bbox 1287 4045 1400 4103; x_wconf 82' lang='lat' dir='ltr'><strong>Graecis</strong></span> 
     </span>
     <span class='ocr_line' id='line_1_39' title="bbox 275 4133 764 4191; baseline -0.002 0"><span class='ocrx_word' id='word_1_323' title='bbox 275 4133 342 4191; x_wconf 87' lang='lat' dir='ltr'><strong>alibi</strong></span> <span class='ocrx_word' id='word_1_324' title='bbox 358 4150 413 4188; x_wconf 90' lang='lat' dir='ltr'><strong>non</strong></span> <span class='ocrx_word' id='word_1_325' title='bbox 431 4135 608 4190; x_wconf 81' lang='lat' dir='ltr'><strong>consuevisse</strong></span> <span class='ocrx_word' id='word_1_326' title='bbox 626 4134 764 4191; x_wconf 88' lang='lat' dir='ltr'><strong>adhibere.</strong></span> 
     </span>
    </p>
   </div>
   <div class='ocr_carea' id='block_1_4' title="bbox 0 0 1564 4972">
    <p class='ocr_par' dir='ltr' id='par_1_5' title="bbox 0 0 1564 4972">
     <span class='ocr_line' id='line_1_40' title="bbox 0 0 1564 4972; baseline 0 1"><span class='ocrx_word' id='word_1_327' title='bbox 0 0 1564 4972; x_wconf 95' lang='lat' dir='ltr'><strong> </strong></span> 
     </span>
    </p>
   </div>
  </div>
 </body>
</html>
