3120 4972
218 325 257 385 14

214 496 286 556 licet
321 499 488 554 accuratam
524 493 626 555 horum
659 497 814 555 verborum
847 497 1021 556 sententiam
1054 501 1204 571 excutere,
1240 490 1271 556 id
1304 517 1340 557 ea

216 596 340 673 prodere
376 601 459 677 puto,
497 615 549 657 sno
586 597 703 657 ductum
740 599 863 658 consilio
896 598 981 658 illum
1015 598 1092 658 hanc
1126 601 1340 658 contentionem

216 701 377 775 quaestioni
409 716 479 759 suae
513 699 549 759 de
583 700 643 758 lato
676 701 826 760 institutae
858 702 1048 760 intermisse·
1077 701 1135 762 Gur·
1167 702 1197 760 id
1230 702 1340 775 fecerit,

215 806 318 879 postea
353 803 611 878 perscrutabimur:
650 821 727 862 nune
763 802 794 861 id
831 803 956 878 quodam
992 804 1054 862 inre
1090 804 1339 878 interrogaverim,

216 920 343 978 quanam
375 905 488 963 ratione
520 906 666 964 contentio
699 905 755 963 illa
788 905 824 964 de
858 906 911 978 eis,
945 923 1020 981 quae
1052 905 1115 965 fieri
1144 905 1268 981 possint,
1301 905 1339 963 ad

216 1006 440 1081 disputationem
464 1005 500 1065 de
522 1006 582 1065 fato
605 1007 695 1082 possit
717 1006 830 1066 referri.
865 1009 975 1067 Mentio
996 1007 1028 1066 lit
1046 1007 1131 1067 huius
1147 1007 1340 1066 contentionis

216 1109 303 1167 ctiam
332 1109 411 1184 apud
432 1108 619 1168 Plutarchum
643 1108 679 1167 de
702 1108 823 1168 Stoicor.
838 1129 899 1185 rep.
916 1128 939 1170 c.
956 1110 1010 1183 46,
1042 1112 1090 1184 qui
1118 1115 1199 1169 recte
1221 1108 1339 1181 iudicat,

216 1210 339 1269 Diodori
370 1212 543 1270 sententiam
570 1212 662 1268 multo
685 1212 778 1285 magis
801 1229 887 1285 quam
910 1211 1067 1287 Chrysippi
1089 1212 1252 1270 consentire
1275 1228 1340 1269 cum

216 1312 390 1371 necessitate
412 1312 473 1385 fati,
496 1331 583 1388 quam
599 1313 688 1372 Stoici
710 1313 834 1389 professi
856 1315 921 1372 sint.
954 1314 989 1373 ld
1004 1332 1074 1373 vero
1090 1313 1273 1372 manifestum
1288 1316 1339 1384 est,

217 1432 235 1472 a
267 1413 371 1474 Stoicis
407 1415 491 1473 illino
528 1417 728 1489 argumentum
766 1415 803 1474 ad
839 1416 928 1474 satum
966 1416 1148 1491 probandum
1184 1433 1243 1473 non
1276 1431 1340 1473 esse

217 1515 384 1589 deductum;
408 1519 524 1576 omnino
547 1516 624 1575 hanc
645 1514 723 1596 περὶ
747 1514 903 1578 δυνατῶν
926 1520 1125 1593 quaestionem
1148 1535 1212 1576 cum
1231 1518 1288 1574 illa
1304 1515 1340 1574 de

216 1617 277 1677 fato
307 1620 491 1678 coniunxisse
520 1636 579 1677 non
609 1619 752 1682 videntur.
796 1619 864 1678 Veri
893 1621 990 1679 simile
1012 1620 1068 1679 hae
1090 1621 1203 1678 ratione
1225 1618 1257 1676 fit
1278 1620 1340 1676 iure

217 1720 388 1780 Ciceronem
421 1721 519 1779 dicere
552 1722 750 1795 quaestionem
783 1719 859 1801 περὶ
891 1719 1047 1783 δυνατῶν
1080 1725 1172 1780 totam
1201 1715 1340 1803 λογικὴν

218 1840 279 1882 esse
301 1822 329 1899 (ξ
349 1821 386 1902 l).

303 1924 362 1986 Sed
381 1926 535 2000 unicuique
550 1926 620 1984 licet
635 1924 672 1984 ad
689 1926 861 1985 sententiam
877 1942 957 1984 suam
973 1926 1154 2001 probandam
1170 1928 1341 2000 argumenta

217 2026 410 2102 undecunque
437 2028 553 2087 afferre:
583 2028 625 2085 ita
651 2026 842 2102 philosophus
863 2030 963 2086 noster
985 2028 1161 2102 praesidium
1183 2046 1220 2087 ex
1240 2028 1341 2102 logica

217 2130 333 2205 petivit,
364 2147 423 2188 non
451 2130 589 2205 ignorans
620 2148 673 2205 per
703 2147 733 2188 se
762 2130 839 2188 illud
869 2131 1010 2206 placitum
1039 2150 1057 2188 a
1087 2132 1257 2205 quaestione
1288 2147 1341 2188 sus

217 2233 344 2290 alienum
374 2248 450 2304 esse,
480 2236 510 2290 et
534 2233 576 2291 ita
595 2231 827 2310 intellegendum
850 2235 904 2291 est:
937 2231 995 2306 Qui
1017 2233 1097 2291 locus
1120 2234 1243 2306 attingit
1264 2232 1341 2289 hooc

219 2335 425 2406 quaestionem.
473 2335 573 2407 Atque
605 2335 695 2392 sensit
727 2336 806 2393 recte
839 2333 974 2393 Stuevius
1007 2353 1034 2410 p.
1052 2335 1091 2392 38
1104 2352 1145 2409 sq.
1179 2335 1279 2409 angeri
1312 2336 1341 2392 ct

218 2434 390 2510 amplificari
412 2435 534 2493 Diodori
565 2423 692 2514 ἀξίωμα
703 2437 725 2509 ¹)
755 2438 784 2494 ct
806 2436 991 2510 aliquatenus
1018 2437 1199 2508 commutari,
1229 2437 1342 2494 scilicet

218 2537 380 2596 sententiae
412 2537 581 2613 philosophi
614 2537 705 2596 nostri
734 2536 924 2596 ostentandae
955 2543 984 2596 et
1013 2537 1211 2596 declarandae
1241 2554 1340 2607 causa;

219 2640 299 2701 ducit
326 2643 421 2715 illinc,
452 2640 530 2716 quod
559 2642 802 2716 argumentationi
831 2659 901 2700 suae
931 2642 1104 2701 concinnum
1131 2646 1182 2700 est.
1226 2642 1268 2700 At
1295 2643 1341 2700 cui

218 2743 481 2818 argumentationi?
520 2743 588 2802 Sine
623 2743 710 2802 dubio
744 2761 809 2802 cum
843 2744 960 2803 dicitur:
994 2745 1044 2817 qui
1078 2745 1157 2803 locros
1190 2745 1343 2817 attingit

219 2847 310 2904 hoco
346 2849 600 2919 quaestionem,
642 2848 778 2920 quoniam
815 2848 900 2905 nulla
936 2846 1049 2905 accedit
1086 2847 1241 2922 appositio,
1283 2862 1341 2918 qna

219 2966 362 3022 quaenam
384 2947 457 3007 haec
480 2950 518 3008 sit
540 2949 671 3023 quaestio
694 2948 880 3023 significetur,
903 2948 949 3008 hic
971 2950 1001 3007 in
1024 2948 1120 3007 media
1141 2965 1239 3006 sumus
1255 2965 1340 3022 argu·

219 3051 405 3109 mentatione.
448 3049 529 3121 Quae
559 3052 646 3126 igitur
676 3068 712 3109 ea
742 3050 806 3110 est?
849 3053 979 3110 Necesse
1008 3051 1123 3110 videtur
1153 3068 1228 3123 esse,
1258 3053 1289 3108 ut
1311 3048 1342 3107 id

220 3170 438 3228 cognoscamus,
460 3170 495 3212 ea
517 3171 593 3229 quac
617 3153 792 3213 antecedunt
814 3153 979 3212 accuratius
1002 3170 1184 3228 percensere.

305 3257 346 3316 Ut
375 3274 447 3315 vero
478 3260 557 3315 certa
585 3257 777 3333 reperiamus,
807 3257 857 3314 vix
887 3257 947 3314 alia
973 3255 1034 3314 fieri
1056 3257 1162 3330 poterit
1184 3256 1233 3313 via
1254 3258 1342 3328 atque

219 3376 330 3418 rursus¹
347 3358 383 3416 ab
413 3359 466 3417 illo
497 3360 569 3430 §17
598 3363 780 3418 revertamur
808 3359 920 3416 initium
951 3357 1096 3416 faciendo.
1139 3357 1259 3428 Nescio,
1291 3373 1343 3413 cur

220 3458 434 3531 Schmekelius,
465 3476 522 3532 quo
550 3460 581 3517 in
606 3459 657 3535 §7
680 3477 748 3518 usus
771 3461 815 3517 est
838 3457 923 3530 duce,
953 3457 1077 3516 eundem
1100 3457 1148 3515 hic
1170 3460 1342 3531 aspernatus

220 3561 265 3619 sit.
316 3561 452 3635 Legimus
481 3561 569 3634 igitur
597 3561 628 3618 in
657 3562 742 3632 517:
772 3559 832 3619 Sed
864 3560 910 3618 cd
941 3561 1045 3618 ittam
1076 3559 1230 3618 Diodori
1262 3575 1341 3616 cooa-

222 3664 425 3732 tcntioccm,
448 3680 537 3736 quom
558 3659 647 3741 περὶ
670 3660 852 3723 δυνατῶν
874 3663 1035 3736 appellant,
1056 3665 1288 3730 revertamur,
1310 3662 1343 3718 ic

222 3783 293 3838 quc,
324 3766 396 3838 qaid
422 3766 523 3824 ocleot
549 3765 583 3823 id
611 3767 690 3838 qood
717 3765 782 3837 ficri
804 3766 914 3837 possit,
945 3764 1114 3836 anquiritur
1143 3763 1170 3840 (ἓ
1188 3763 1226 3839 7).
1270 3763 1343 3821 Inde

220 3867 369 3942 digressae
398 3871 481 3927 erant
510 3867 544 3944 ἐξ
563 3867 599 3926 15
624 3865 728 3940 et163
757 3866 835 3925 unde
866 3866 996 3925 ordiatur
1018 3865 1172 3940 digressio,
1202 3865 1342 3924 facillime

306 4033 327 4102 ¹)
352 4033 453 4088 Totum
479 4032 631 4088 continetur
657 4032 792 4101 (conferas
817 4032 898 4087 etiam
923 4031 985 4102 §13
1010 4035 1038 4086 et
1058 4032 1129 4086 Plut.
1147 4031 1164 4085 l.
1178 4032 1213 4100 c.)
1239 4031 1342 4085 verbis:

220 4117 315 4172 Placet
331 4118 422 4188 igitur
437 4117 562 4173 Diodoro
580 4116 616 4171 id
636 4117 740 4172 solum
761 4117 846 4186 fieri
862 4132 971 4186 posse,
994 4117 1079 4186 quod
1096 4119 1155 4171 aut
1172 4131 1280 4170 oerum
1296 4115 1343 4167 sit

221 4206 279 4257 act
304 4219 414 4258 oerum
439 4204 592 4272 faturum
618 4203 673 4257 sit.
714 4203 775 4257 Hoc
800 4201 885 4258 multo
912 4202 1063 4272 simplicius
1087 4206 1116 4256 et
1138 4201 1249 4258 brevius
1274 4213 1342 4265 esse,

221 4302 302 4357 quarn
320 4302 391 4357 quae
409 4287 540 4356 deinceps
559 4287 745 4357 explanantur,
762 4286 936 4343 manifestum
954 4292 1004 4343 est.
