<?xml version="1.0" encoding="UTF-8"?>
<!DOCTYPE html PUBLIC "-//W3C//DTD XHTML 1.0 Transitional//EN"
    "http://www.w3.org/TR/xhtml1/DTD/xhtml1-transitional.dtd">
<html xmlns="http://www.w3.org/1999/xhtml" xml:lang="en" lang="en">
 <head>
  <title>
</title>
<meta http-equiv="Content-Type" content="text/html;charset=utf-8" />
  <meta name='ocr-system' content='tesseract 3.04.00' />
  <meta name='ocr-capabilities' content='ocr_page ocr_carea ocr_par ocr_line ocrx_word'/>
</head>
<body>
  <div class='ocr_page' id='page_1' title='image "./decompositionee00loergoog_0024.png"; bbox 0 0 3120 4972; ppageno 0'>
   <div class='ocr_carea' id='block_1_1' title="bbox 281 379 320 446">
    <p class='ocr_par' dir='ltr' id='par_1_1' title="bbox 281 379 320 446">
     <span class='ocr_line' id='line_1_1' title="bbox 281 379 320 446; baseline 0.077 -3"><span class='ocrx_word' id='word_1_1' title='bbox 281 379 320 446; x_wconf 77' lang='lat'><strong>18</strong></span> 
     </span>
    </p>
   </div>
   <div class='ocr_carea' id='block_1_2' title="bbox 274 551 1402 2981">
    <p class='ocr_par' dir='ltr' id='par_1_2' title="bbox 275 551 1401 1148">
     <span class='ocr_line' id='line_1_2' title="bbox 275 551 1400 634; baseline -0.004 -16"><span class='ocrx_word' id='word_1_2' title='bbox 275 559 390 619; x_wconf 75' lang='lat' dir='ltr'><strong>tertiam</strong></span> <span class='ocrx_word' id='word_1_3' title='bbox 412 557 598 634; x_wconf 80' lang='lat' dir='ltr'><strong>reponendae</strong></span> <span class='ocrx_word' id='word_1_4' title='bbox 621 562 688 617; x_wconf 91' lang='lat' dir='ltr'><strong>sunt</strong></span> <span class='ocrx_word' id='word_1_5' title='bbox 710 561 759 617; x_wconf 88' lang='lat' dir='ltr'><strong>aut</strong></span> <span class='ocrx_word' id='word_1_6' title='bbox 781 559 882 632; x_wconf 90' lang='lat' dir='ltr'><strong>aliquo</strong></span> <span class='ocrx_word' id='word_1_7' title='bbox 905 554 990 616; x_wconf 92' lang='lat' dir='ltr'><strong>modo</strong></span> <span class='ocrx_word' id='word_1_8' title='bbox 1014 574 1078 616; x_wconf 92' lang='lat' dir='ltr'><strong>eum</strong></span> <span class='ocrx_word' id='word_1_9' title='bbox 1094 555 1151 615; x_wconf 91' lang='lat' dir='ltr'><strong>illa</strong></span> <span class='ocrx_word' id='word_1_10' title='bbox 1165 551 1400 630; x_wconf 59' lang='lat' dir='ltr'><strong>coniungendam</strong></span> 
     </span>
     <span class='ocr_line' id='line_1_3' title="bbox 276 657 1400 738; baseline -0.003 -19"><span class='ocrx_word' id='word_1_11' title='bbox 276 664 386 721; x_wconf 89' lang='lat' dir='ltr'><strong>eertum</strong></span> <span class='ocrx_word' id='word_1_12' title='bbox 409 664 453 720; x_wconf 91' lang='lat' dir='ltr'><strong>est</strong></span> <span class='ocrx_word' id='word_1_13' title='bbox 476 679 525 720; x_wconf 89' lang='lat' dir='ltr'><strong>eas</strong></span> <span class='ocrx_word' id='word_1_14' title='bbox 547 661 580 738; x_wconf 58' lang='grc' dir='ltr'><strong>βξ</strong></span> <span class='ocrx_word' id='word_1_15' title='bbox 594 662 631 719; x_wconf 79' lang='lat' dir='ltr'><strong>ul</strong></span> <span class='ocrx_word' id='word_1_16' title='bbox 654 665 683 720; x_wconf 90' lang='lat' dir='ltr'><strong>et</strong></span> <span class='ocrx_word' id='word_1_17' title='bbox 706 663 745 718; x_wconf 80' lang='lat'><strong>22</strong></span> <span class='ocrx_word' id='word_1_18' title='bbox 768 678 827 719; x_wconf 94' lang='lat' dir='ltr'><strong>non</strong></span> <span class='ocrx_word' id='word_1_19' title='bbox 851 659 957 719; x_wconf 89' lang='lat' dir='ltr'><strong>debere</strong></span> <span class='ocrx_word' id='word_1_20' title='bbox 980 659 1163 720; x_wconf 78' lang='lat' dir='ltr'><strong>antecedere.</strong></span> <span class='ocrx_word' id='word_1_21' title='bbox 1203 660 1292 717; x_wconf 88' lang='lat' dir='ltr'><strong>Miror</strong></span> <span class='ocrx_word' id='word_1_22' title='bbox 1314 657 1400 733; x_wconf 86' lang='lat' dir='ltr'><strong>quod,</strong></span> 
     </span>
     <span class='ocr_line' id='line_1_4' title="bbox 275 759 1399 837; baseline -0.003 -17"><span class='ocrx_word' id='word_1_23' title='bbox 275 763 374 822; x_wconf 91' lang='lat' dir='ltr'><strong>neseio</strong></span> <span class='ocrx_word' id='word_1_24' title='bbox 397 779 455 837; x_wconf 88' lang='lat' dir='ltr'><strong>qua</strong></span> <span class='ocrx_word' id='word_1_25' title='bbox 476 764 596 837; x_wconf 90' lang='lat' dir='ltr'><strong>ratione,</strong></span> <span class='ocrx_word' id='word_1_26' title='bbox 620 781 683 822; x_wconf 91' lang='lat' dir='ltr'><strong>eum</strong></span> <span class='ocrx_word' id='word_1_27' title='bbox 706 761 762 821; x_wconf 90' lang='lat' dir='ltr'><strong>hae</strong></span> <span class='ocrx_word' id='word_1_28' title='bbox 785 762 929 820; x_wconf 89' lang='lat' dir='ltr'><strong>sententia</strong></span> <span class='ocrx_word' id='word_1_29' title='bbox 953 761 1023 820; x_wconf 90' lang='lat' dir='ltr'><strong>orde</strong></span> <span class='ocrx_word' id='word_1_30' title='bbox 1043 761 1183 836; x_wconf 86' lang='lat' dir='ltr'><strong>prooemii</strong></span> <span class='ocrx_word' id='word_1_31' title='bbox 1197 759 1296 818; x_wconf 91' lang='lat' dir='ltr'><strong>libelli</strong></span> <span class='ocrx_word' id='word_1_32' title='bbox 1309 759 1399 818; x_wconf 92' lang='lat' dir='ltr'><strong>nestri</strong></span> 
     </span>
     <span class='ocr_line' id='line_1_5' title="bbox 275 861 1399 942; baseline -0.002 -21"><span class='ocrx_word' id='word_1_33' title='bbox 275 864 304 941; x_wconf 61' lang='grc' dir='ltr'><strong>(ὅ</strong></span> <span class='ocrx_word' id='word_1_34' title='bbox 319 866 349 938; x_wconf 94' lang='grc'><strong>1)</strong></span> <span class='ocrx_word' id='word_1_35' title='bbox 372 865 518 937; x_wconf 90' lang='lat' dir='ltr'><strong>eonvenit,</strong></span> <span class='ocrx_word' id='word_1_36' title='bbox 540 865 590 923; x_wconf 90' lang='lat' dir='ltr'><strong>ubi</strong></span> <span class='ocrx_word' id='word_1_37' title='bbox 609 863 683 923; x_wconf 90' lang='lat' dir='ltr'><strong>haee</strong></span> <span class='ocrx_word' id='word_1_38' title='bbox 705 861 782 942; x_wconf 72' lang='lat' dir='ltr'><strong>aaut</strong></span> <span class='ocrx_word' id='word_1_39' title='bbox 806 861 963 924; x_wconf 74' lang='grc' dir='ltr'><strong><em>δυνατῶν</em></strong></span> <span class='ocrx_word' id='word_1_40' title='bbox 979 863 1109 939; x_wconf 83' lang='lat' dir='ltr'><strong>quaestio</strong></span> <span class='ocrx_word' id='word_1_41' title='bbox 1125 866 1190 937; x_wconf 88' lang='lat' dir='ltr'><strong>pest</strong></span> <span class='ocrx_word' id='word_1_42' title='bbox 1206 879 1268 919; x_wconf 91' lang='lat' dir='ltr'><strong>eam</strong></span> <span class='ocrx_word' id='word_1_43' title='bbox 1285 861 1399 919; x_wconf 92' lang='lat' dir='ltr'><strong>demum</strong></span> 
     </span>
     <span class='ocr_line' id='line_1_6' title="bbox 276 965 1401 1042; baseline -0.004 -18"><span class='ocrx_word' id='word_1_44' title='bbox 276 970 460 1025; x_wconf 91' lang='lat' dir='ltr'><strong>enumeratur</strong></span> <span class='ocrx_word' id='word_1_45' title='bbox 481 970 602 1042; x_wconf 88' lang='lat' dir='ltr'><strong>partem,</strong></span> <span class='ocrx_word' id='word_1_46' title='bbox 624 982 682 1040; x_wconf 93' lang='lat' dir='ltr'><strong>qua</strong></span> <span class='ocrx_word' id='word_1_47' title='bbox 705 984 736 1025; x_wconf 91' lang='lat' dir='ltr'><strong>se</strong></span> <span class='ocrx_word' id='word_1_48' title='bbox 754 967 813 1023; x_wconf 81' lang='lat' dir='ltr'><strong>uiue</strong></span> <span class='ocrx_word' id='word_1_49' title='bbox 827 968 1028 1037; x_wconf 74' lang='lat' dir='ltr'><strong>rationemque</strong></span> <span class='ocrx_word' id='word_1_50' title='bbox 1043 965 1302 1033; x_wconf 74' lang='lat' dir='ltr'><strong>euuuoerutiouuuu,</strong></span> <span class='ocrx_word' id='word_1_51' title='bbox 1326 979 1401 1035; x_wconf 90' lang='lat' dir='ltr'><strong>quas</strong></span> 
     </span>
     <span class='ocr_line' id='line_1_7' title="bbox 278 1056 1195 1148; baseline -0.002 -22"><span class='ocrx_word' id='word_1_52' title='bbox 278 1066 390 1127; x_wconf 78' lang='lat' dir='ltr'><strong>Graeci·</strong></span> <span class='ocrx_word' id='word_1_53' title='bbox 407 1056 576 1148; x_wconf 75' lang='grc' dir='ltr'><em>ἀξιώματα</em></span> <span class='ocrx_word' id='word_1_54' title='bbox 597 1072 707 1138; x_wconf 85' lang='lat' dir='ltr'><strong>aeeeut,</strong></span> <span class='ocrx_word' id='word_1_55' title='bbox 730 1069 871 1144; x_wconf 90' lang='lat' dir='ltr'><strong>premittit</strong></span> <span class='ocrx_word' id='word_1_56' title='bbox 893 1069 1105 1142; x_wconf 71' lang='lat' dir='ltr'><strong>explicaturum</strong></span> <span class='ocrx_word' id='word_1_57' title='bbox 1127 1083 1195 1125; x_wconf 87' lang='lat' dir='ltr'><strong>esse.</strong></span> 
     </span>
    </p>

    <p class='ocr_par' dir='ltr' id='par_1_3' title="bbox 274 1168 1402 2981">
     <span class='ocr_line' id='line_1_8' title="bbox 360 1168 1400 1245; baseline 0.002 -16"><span class='ocrx_word' id='word_1_58' title='bbox 360 1171 473 1245; x_wconf 83' lang='lat' dir='ltr'><strong>Restat,</strong></span> <span class='ocrx_word' id='word_1_59' title='bbox 503 1174 535 1229; x_wconf 94' lang='lat' dir='ltr'><strong>ut</strong></span> <span class='ocrx_word' id='word_1_60' title='bbox 562 1187 746 1244; x_wconf 86' lang='lat' dir='ltr'><strong>quaeramus,</strong></span> <span class='ocrx_word' id='word_1_61' title='bbox 775 1188 827 1228; x_wconf 90' lang='lat' dir='ltr'><strong>eur</strong></span> <span class='ocrx_word' id='word_1_62' title='bbox 849 1170 951 1230; x_wconf 83' lang='lat' dir='ltr'><strong>Oieere</strong></span> <span class='ocrx_word' id='word_1_63' title='bbox 974 1169 1106 1228; x_wconf 90' lang='lat' dir='ltr'><strong>ordinem</strong></span> <span class='ocrx_word' id='word_1_64' title='bbox 1128 1168 1216 1228; x_wconf 86' lang='lat' dir='ltr'><strong>fontis</strong></span> <span class='ocrx_word' id='word_1_65' title='bbox 1237 1168 1400 1230; x_wconf 89' lang='lat' dir='ltr'><strong>mutaverit.</strong></span> 
     </span>
     <span class='ocr_line' id='line_1_9' title="bbox 275 1271 1400 1348; baseline -0.004 -16"><span class='ocrx_word' id='word_1_66' title='bbox 275 1273 343 1333; x_wconf 82' lang='lat' dir='ltr'><strong>Sine</strong></span> <span class='ocrx_word' id='word_1_67' title='bbox 366 1271 454 1331; x_wconf 90' lang='lat' dir='ltr'><strong>dubio</strong></span> <span class='ocrx_word' id='word_1_68' title='bbox 477 1290 512 1331; x_wconf 92' lang='lat' dir='ltr'><strong>eo</strong></span> <span class='ocrx_word' id='word_1_69' title='bbox 536 1271 706 1331; x_wconf 87' lang='lat' dir='ltr'><strong>disturbavit</strong></span> <span class='ocrx_word' id='word_1_70' title='bbox 728 1275 757 1331; x_wconf 91' lang='lat' dir='ltr'><strong>et</strong></span> <span class='ocrx_word' id='word_1_71' title='bbox 779 1272 953 1348; x_wconf 86' lang='lat' dir='ltr'><strong>depravavit</strong></span> <span class='ocrx_word' id='word_1_72' title='bbox 975 1272 1256 1347; x_wconf 81' lang='lat' dir='ltr'><strong>argumentationem</strong></span> <span class='ocrx_word' id='word_1_73' title='bbox 1274 1271 1400 1329; x_wconf 83' lang='lat' dir='ltr'><strong>auctoris</strong></span> 
     </span>
     <span class='ocr_line' id='line_1_10' title="bbox 275 1372 1400 1448; baseline -0.002 -16"><span class='ocrx_word' id='word_1_74' title='bbox 275 1375 343 1433; x_wconf 91' lang='lat' dir='ltr'><strong>libri</strong></span> <span class='ocrx_word' id='word_1_75' title='bbox 370 1375 444 1447; x_wconf 92' lang='lat' dir='ltr'><strong>eius,</strong></span> <span class='ocrx_word' id='word_1_76' title='bbox 474 1392 531 1448; x_wconf 91' lang='lat' dir='ltr'><strong>quo</strong></span> <span class='ocrx_word' id='word_1_77' title='bbox 558 1375 702 1434; x_wconf 88' lang='lat' dir='ltr'><strong>utebatur.</strong></span> <span class='ocrx_word' id='word_1_78' title='bbox 745 1376 824 1433; x_wconf 89' lang='lat' dir='ltr'><strong>Luee</strong></span> <span class='ocrx_word' id='word_1_79' title='bbox 850 1375 958 1434; x_wconf 91' lang='lat' dir='ltr'><strong>elarius</strong></span> <span class='ocrx_word' id='word_1_80' title='bbox 986 1378 1030 1433; x_wconf 90' lang='lat' dir='ltr'><strong>est</strong></span> <span class='ocrx_word' id='word_1_81' title='bbox 1055 1392 1120 1432; x_wconf 91' lang='lat' dir='ltr'><strong>eum</strong></span> <span class='ocrx_word' id='word_1_82' title='bbox 1142 1372 1217 1431; x_wconf 88' lang='lat' dir='ltr'><strong>nihil</strong></span> <span class='ocrx_word' id='word_1_83' title='bbox 1238 1373 1326 1432; x_wconf 86' lang='lat' dir='ltr'><strong>fuisse</strong></span> <span class='ocrx_word' id='word_1_84' title='bbox 1347 1372 1400 1430; x_wconf 89' lang='lat' dir='ltr'><strong>im·</strong></span> 
     </span>
     <span class='ocr_line' id='line_1_11' title="bbox 276 1475 1400 1553; baseline -0.002 -18"><span class='ocrx_word' id='word_1_85' title='bbox 276 1480 462 1549; x_wconf 90' lang='lat' dir='ltr'><strong>mutaturum,</strong></span> <span class='ocrx_word' id='word_1_86' title='bbox 489 1477 513 1535; x_wconf 88' lang='lat' dir='ltr'><strong>si</strong></span> <span class='ocrx_word' id='word_1_87' title='bbox 539 1478 622 1535; x_wconf 89' lang='lat' dir='ltr'><strong>illam</strong></span> <span class='ocrx_word' id='word_1_88' title='bbox 647 1479 851 1553; x_wconf 83' lang='lat' dir='ltr'><strong>perspexisset.</strong></span> <span class='ocrx_word' id='word_1_89' title='bbox 894 1479 936 1536; x_wconf 89' lang='lat' dir='ltr'><strong>At</strong></span> <span class='ocrx_word' id='word_1_90' title='bbox 959 1479 1088 1537; x_wconf 88' lang='lat' dir='ltr'><strong>mutavit.</strong></span> <span class='ocrx_word' id='word_1_91' title='bbox 1131 1476 1255 1536; x_wconf 81' lang='lat' dir='ltr'><strong>Causam</strong></span> <span class='ocrx_word' id='word_1_92' title='bbox 1277 1475 1400 1533; x_wconf 85' lang='lat' dir='ltr'><strong>fortasse</strong></span> 
     </span>
     <span class='ocr_line' id='line_1_12' title="bbox 274 1577 1402 1656; baseline -0.003 -19"><span class='ocrx_word' id='word_1_93' title='bbox 274 1579 366 1655; x_wconf 90' lang='lat' dir='ltr'><strong>ipsius</strong></span> <span class='ocrx_word' id='word_1_94' title='bbox 393 1579 485 1638; x_wconf 90' lang='lat' dir='ltr'><strong>verba</strong></span> <span class='ocrx_word' id='word_1_95' title='bbox 506 1579 535 1656; x_wconf 62' lang='grc' dir='ltr'><strong>(ἓ</strong></span> <span class='ocrx_word' id='word_1_96' title='bbox 553 1581 582 1655; x_wconf 94' lang='grc'><strong>1)</strong></span> <span class='ocrx_word' id='word_1_97' title='bbox 609 1579 800 1655; x_wconf 87' lang='lat' dir='ltr'><strong>patetaeiant:</strong></span> <span class='ocrx_word' id='word_1_98' title='bbox 829 1597 904 1653; x_wconf 90' lang='lat' dir='ltr'><strong>quae</strong></span> <span class='ocrx_word' id='word_1_99' title='bbox 931 1581 967 1639; x_wconf 83' lang='lat' dir='ltr'><strong>de</strong></span> <span class='ocrx_word' id='word_1_100' title='bbox 991 1597 1023 1638; x_wconf 86' lang='lat' dir='ltr'><strong>re</strong></span> <span class='ocrx_word' id='word_1_101' title='bbox 1048 1581 1166 1653; x_wconf 82' lang='lat' dir='ltr'><strong>futura,</strong></span> <span class='ocrx_word' id='word_1_102' title='bbox 1194 1596 1259 1636; x_wconf 84' lang='lat' dir='ltr'><strong>euru</strong></span> <span class='ocrx_word' id='word_1_103' title='bbox 1286 1577 1402 1650; x_wconf 79' lang='lat' dir='ltr'><strong>aliquid</strong></span> 
     </span>
     <span class='ocr_line' id='line_1_13' title="bbox 276 1681 1400 1755; baseline -0.004 -15"><span class='ocrx_word' id='word_1_104' title='bbox 276 1683 388 1751; x_wconf 68' lang='lat' dir='ltr'><strong>diasat,</strong></span> <span class='ocrx_word' id='word_1_105' title='bbox 419 1683 510 1754; x_wconf 87' lang='lat' dir='ltr'><strong>deque</strong></span> <span class='ocrx_word' id='word_1_106' title='bbox 540 1699 585 1752; x_wconf 89' lang='lat' dir='ltr'><strong>ea,</strong></span> <span class='ocrx_word' id='word_1_107' title='bbox 617 1682 695 1754; x_wconf 83' lang='lat' dir='ltr'><strong>quod</strong></span> <span class='ocrx_word' id='word_1_108' title='bbox 716 1685 817 1755; x_wconf 82' lang='lat' dir='ltr'><strong>pessit</strong></span> <span class='ocrx_word' id='word_1_109' title='bbox 843 1684 908 1755; x_wconf 57' lang='lat' dir='ltr'><strong>[tert</strong></span> <span class='ocrx_word' id='word_1_110' title='bbox 937 1686 991 1741; x_wconf 86' lang='lat' dir='ltr'><strong>aut</strong></span> <span class='ocrx_word' id='word_1_111' title='bbox 1015 1700 1077 1740; x_wconf 85' lang='lat' dir='ltr'><strong>aaa</strong></span> <span class='ocrx_word' id='word_1_112' title='bbox 1091 1683 1202 1755; x_wconf 82' lang='lat' dir='ltr'><strong>pessit,</strong></span> <span class='ocrx_word' id='word_1_113' title='bbox 1232 1698 1321 1753; x_wconf 83' lang='lat' dir='ltr'><strong>quam</strong></span> <span class='ocrx_word' id='word_1_114' title='bbox 1341 1681 1400 1737; x_wconf 82' lang='lat' dir='ltr'><strong>uiue</strong></span> 
     </span>
     <span class='ocr_line' id='line_1_14' title="bbox 276 1781 1402 1860; baseline -0.003 -19"><span class='ocrx_word' id='word_1_115' title='bbox 276 1783 416 1853; x_wconf 79' lang='lat' dir='ltr'><strong>ltabeaut‚</strong></span> <span class='ocrx_word' id='word_1_116' title='bbox 447 1785 569 1843; x_wconf 87' lang='lat' dir='ltr'><strong>obseura</strong></span> <span class='ocrx_word' id='word_1_117' title='bbox 597 1786 727 1856; x_wconf 82' lang='lat' dir='ltr'><strong>quaestio</strong></span> <span class='ocrx_word' id='word_1_118' title='bbox 755 1788 810 1856; x_wconf 87' lang='lat' dir='ltr'><strong>est,</strong></span> <span class='ocrx_word' id='word_1_119' title='bbox 838 1801 927 1856; x_wconf 75' lang='lat' dir='ltr'><strong>quatu</strong></span> <span class='ocrx_word' id='word_1_120' title='bbox 952 1781 1030 1860; x_wconf 76' lang='grc' dir='ltr'><strong>περὶ</strong></span> <span class='ocrx_word' id='word_1_121' title='bbox 1054 1781 1209 1844; x_wconf 78' lang='grc' dir='ltr'><em>δυνατῶν</em></span> <span class='ocrx_word' id='word_1_122' title='bbox 1229 1781 1402 1856; x_wconf 72' lang='lat' dir='ltr'><strong>philosophi</strong></span> 
     </span>
     <span class='ocr_line' id='line_1_15' title="bbox 277 1881 1400 1967; baseline -0.001 -24"><span class='ocrx_word' id='word_1_123' title='bbox 277 1886 442 1959; x_wconf 81' lang='lat' dir='ltr'><strong>appellarat,</strong></span> <span class='ocrx_word' id='word_1_124' title='bbox 474 1890 593 1958; x_wconf 87' lang='lat' dir='ltr'><strong>totaque</strong></span> <span class='ocrx_word' id='word_1_125' title='bbox 622 1890 666 1946; x_wconf 84' lang='lat' dir='ltr'><strong>est</strong></span> <span class='ocrx_word' id='word_1_126' title='bbox 691 1881 820 1967; x_wconf 79' lang='grc' dir='ltr'><strong>λογική,</strong></span> <span class='ocrx_word' id='word_1_127' title='bbox 852 1903 941 1958; x_wconf 79' lang='lat' dir='ltr'><strong>queue</strong></span> <span class='ocrx_word' id='word_1_128' title='bbox 966 1888 1111 1944; x_wconf 76' lang='lat' dir='ltr'><strong>ratieueau</strong></span> <span class='ocrx_word' id='word_1_129' title='bbox 1139 1886 1300 1944; x_wconf 76' lang='lat' dir='ltr'><strong>disserendi</strong></span> <span class='ocrx_word' id='word_1_130' title='bbox 1322 1901 1400 1942; x_wconf 85' lang='grc' dir='ltr'><strong><em>οοοο.</em></strong></span> 
     </span>
     <span class='ocr_line' id='line_1_16' title="bbox 275 1987 1399 2063; baseline -0.001 -19"><span class='ocrx_word' id='word_1_131' title='bbox 275 1987 347 2046; x_wconf 90' lang='lat' dir='ltr'><strong>Inde</strong></span> <span class='ocrx_word' id='word_1_132' title='bbox 370 1988 473 2062; x_wconf 84' lang='lat' dir='ltr'><strong>eolligi</strong></span> <span class='ocrx_word' id='word_1_133' title='bbox 495 1991 590 2063; x_wconf 86' lang='lat' dir='ltr'><strong>potest</strong></span> <span class='ocrx_word' id='word_1_134' title='bbox 606 1989 767 2061; x_wconf 74' lang='lat' dir='ltr'><strong>obscuram,</strong></span> <span class='ocrx_word' id='word_1_135' title='bbox 791 2006 877 2062; x_wconf 91' lang='lat' dir='ltr'><strong>quam</strong></span> <span class='ocrx_word' id='word_1_136' title='bbox 893 1991 988 2062; x_wconf 89' lang='lat' dir='ltr'><strong>voeat,</strong></span> <span class='ocrx_word' id='word_1_137' title='bbox 1011 1990 1211 2061; x_wconf 76' lang='lat' dir='ltr'><strong>quaestionem</strong></span> <span class='ocrx_word' id='word_1_138' title='bbox 1225 2003 1399 2062; x_wconf 81' lang='lat' dir='ltr'><strong>permagnus</strong></span> 
     </span>
     <span class='ocr_line' id='line_1_17' title="bbox 275 2089 1401 2165; baseline -0.002 -18"><span class='ocrx_word' id='word_1_139' title='bbox 275 2090 303 2147; x_wconf 91' lang='lat' dir='ltr'><strong>ei</strong></span> <span class='ocrx_word' id='word_1_140' title='bbox 328 2089 494 2149; x_wconf 84' lang='lat' dir='ltr'><strong>exhibuisse</strong></span> <span class='ocrx_word' id='word_1_141' title='bbox 521 2089 720 2149; x_wconf 78' lang='lat' dir='ltr'><strong>difficultates:</strong></span> <span class='ocrx_word' id='word_1_142' title='bbox 748 2109 821 2165; x_wconf 89' lang='lat' dir='ltr'><strong>quas</strong></span> <span class='ocrx_word' id='word_1_143' title='bbox 847 2090 970 2150; x_wconf 86' lang='lat' dir='ltr'><strong>fortasse</strong></span> <span class='ocrx_word' id='word_1_144' title='bbox 997 2090 1114 2149; x_wconf 81' lang='lat' dir='ltr'><strong>facilius</strong></span> <span class='ocrx_word' id='word_1_145' title='bbox 1141 2107 1172 2148; x_wconf 89' lang='lat' dir='ltr'><strong>se</strong></span> <span class='ocrx_word' id='word_1_146' title='bbox 1198 2092 1401 2165; x_wconf 85' lang='lat' dir='ltr'><strong>superaturum</strong></span> 
     </span>
     <span class='ocr_line' id='line_1_18' title="bbox 275 2191 1400 2268; baseline -0.001 -18"><span class='ocrx_word' id='word_1_147' title='bbox 275 2208 339 2250; x_wconf 84' lang='lat' dir='ltr'><strong>esse</strong></span> <span class='ocrx_word' id='word_1_148' title='bbox 361 2192 545 2268; x_wconf 85' lang='lat' dir='ltr'><strong>opinabatur,</strong></span> <span class='ocrx_word' id='word_1_149' title='bbox 567 2193 591 2252; x_wconf 92' lang='lat' dir='ltr'><strong>si</strong></span> <span class='ocrx_word' id='word_1_150' title='bbox 612 2210 673 2251; x_wconf 91' lang='lat' dir='ltr'><strong>rem</strong></span> <span class='ocrx_word' id='word_1_151' title='bbox 695 2211 749 2268; x_wconf 91' lang='lat' dir='ltr'><strong>per·</strong></span> <span class='ocrx_word' id='word_1_152' title='bbox 771 2211 802 2252; x_wconf 90' lang='lat' dir='ltr'><strong>se</strong></span> <span class='ocrx_word' id='word_1_153' title='bbox 826 2195 917 2252; x_wconf 92' lang='lat' dir='ltr'><strong>selam</strong></span> <span class='ocrx_word' id='word_1_154' title='bbox 940 2196 969 2252; x_wconf 89' lang='lat' dir='ltr'><strong>et</strong></span> <span class='ocrx_word' id='word_1_155' title='bbox 984 2210 1021 2251; x_wconf 87' lang='lat' dir='ltr'><strong>ex</strong></span> <span class='ocrx_word' id='word_1_156' title='bbox 1036 2193 1102 2251; x_wconf 89' lang='lat' dir='ltr'><strong>aliis</strong></span> <span class='ocrx_word' id='word_1_157' title='bbox 1117 2191 1302 2267; x_wconf 86' lang='lat' dir='ltr'><strong>argumentis,</strong></span> <span class='ocrx_word' id='word_1_158' title='bbox 1325 2206 1400 2265; x_wconf 87' lang='lat' dir='ltr'><strong>qnae</strong></span> 
     </span>
     <span class='ocr_line' id='line_1_19' title="bbox 274 2290 1399 2370; baseline -0.002 -19"><span class='ocrx_word' id='word_1_159' title='bbox 274 2293 340 2368; x_wconf 90' lang='lat' dir='ltr'><strong>ipsa</strong></span> <span class='ocrx_word' id='word_1_160' title='bbox 361 2292 493 2353; x_wconf 87' lang='lat' dir='ltr'><strong>diffieilia</strong></span> <span class='ocrx_word' id='word_1_161' title='bbox 515 2297 600 2352; x_wconf 89' lang='lat' dir='ltr'><strong>erant</strong></span> <span class='ocrx_word' id='word_1_162' title='bbox 620 2298 786 2370; x_wconf 79' lang='lat' dir='ltr'><strong>perspectu,</strong></span> <span class='ocrx_word' id='word_1_163' title='bbox 808 2297 968 2353; x_wconf 90' lang='lat' dir='ltr'><strong>resolutam</strong></span> <span class='ocrx_word' id='word_1_164' title='bbox 989 2298 1136 2353; x_wconf 82' lang='lat' dir='ltr'><strong>tractaret.</strong></span> <span class='ocrx_word' id='word_1_165' title='bbox 1180 2292 1238 2351; x_wconf 83' lang='lat' dir='ltr'><strong>Sed</strong></span> <span class='ocrx_word' id='word_1_166' title='bbox 1260 2293 1347 2351; x_wconf 91' lang='lat' dir='ltr'><strong>etiam</strong></span> <span class='ocrx_word' id='word_1_167' title='bbox 1369 2290 1399 2349; x_wconf 89' lang='lat' dir='ltr'><strong>id</strong></span> 
     </span>
     <span class='ocr_line' id='line_1_20' title="bbox 275 2395 1399 2473; baseline 0 -21"><span class='ocrx_word' id='word_1_168' title='bbox 275 2396 383 2468; x_wconf 89' lang='lat' dir='ltr'><strong>elueet,</strong></span> <span class='ocrx_word' id='word_1_169' title='bbox 411 2395 580 2455; x_wconf 83' lang='lat' dir='ltr'><strong>Gieerenem</strong></span> <span class='ocrx_word' id='word_1_170' title='bbox 607 2397 756 2470; x_wconf 91' lang='lat' dir='ltr'><strong>putavisse</strong></span> <span class='ocrx_word' id='word_1_171' title='bbox 783 2396 839 2456; x_wconf 90' lang='lat' dir='ltr'><strong>hae</strong></span> <span class='ocrx_word' id='word_1_172' title='bbox 866 2400 949 2473; x_wconf 88' lang='lat' dir='ltr'><strong>parte</strong></span> <span class='ocrx_word' id='word_1_173' title='bbox 976 2397 1014 2454; x_wconf 83' lang='lat' dir='ltr'><strong>de</strong></span> <span class='ocrx_word' id='word_1_174' title='bbox 1039 2413 1075 2455; x_wconf 89' lang='lat' dir='ltr'><strong>re</strong></span> <span class='ocrx_word' id='word_1_175' title='bbox 1100 2396 1228 2468; x_wconf 87' lang='lat' dir='ltr'><strong>futura</strong></span> <span class='ocrx_word' id='word_1_176' title='bbox 1250 2401 1279 2453; x_wconf 91' lang='lat' dir='ltr'><strong>et</strong></span> <span class='ocrx_word' id='word_1_177' title='bbox 1301 2395 1336 2453; x_wconf 86' lang='lat' dir='ltr'><strong>de</strong></span> <span class='ocrx_word' id='word_1_178' title='bbox 1358 2410 1399 2463; x_wconf 88' lang='lat' dir='ltr'><strong>ee,</strong></span> 
     </span>
     <span class='ocr_line' id='line_1_21' title="bbox 276 2496 1400 2573; baseline -0.002 -19"><span class='ocrx_word' id='word_1_179' title='bbox 276 2497 355 2568; x_wconf 84' lang='lat' dir='ltr'><strong>quod</strong></span> <span class='ocrx_word' id='word_1_180' title='bbox 373 2499 472 2569; x_wconf 81' lang='lat' dir='ltr'><strong>possit</strong></span> <span class='ocrx_word' id='word_1_181' title='bbox 496 2496 561 2568; x_wconf 71' lang='lat' dir='ltr'><strong>fieri</strong></span> <span class='ocrx_word' id='word_1_182' title='bbox 587 2501 641 2555; x_wconf 85' lang='lat' dir='ltr'><strong>aut</strong></span> <span class='ocrx_word' id='word_1_183' title='bbox 660 2515 721 2556; x_wconf 90' lang='lat' dir='ltr'><strong>uou</strong></span> <span class='ocrx_word' id='word_1_184' title='bbox 740 2500 840 2572; x_wconf 79' lang='lat' dir='ltr'><strong>pessit</strong></span> <span class='ocrx_word' id='word_1_185' title='bbox 865 2516 927 2573; x_wconf 90' lang='lat' dir='ltr'><strong>per</strong></span> <span class='ocrx_word' id='word_1_186' title='bbox 953 2514 989 2557; x_wconf 90' lang='lat' dir='ltr'><strong>se</strong></span> <span class='ocrx_word' id='word_1_187' title='bbox 1014 2499 1103 2573; x_wconf 88' lang='lat' dir='ltr'><strong>ipsis</strong></span> <span class='ocrx_word' id='word_1_188' title='bbox 1131 2498 1200 2572; x_wconf 87' lang='lat' dir='ltr'><strong>agi,</strong></span> <span class='ocrx_word' id='word_1_189' title='bbox 1231 2514 1320 2569; x_wconf 78' lang='lat' dir='ltr'><strong>quatu</strong></span> <span class='ocrx_word' id='word_1_190' title='bbox 1341 2498 1400 2553; x_wconf 79' lang='lat' dir='ltr'><strong>airu</strong></span> 
     </span>
     <span class='ocr_line' id='line_1_22' title="bbox 276 2596 1398 2679; baseline 0 -25"><span class='ocrx_word' id='word_1_191' title='bbox 276 2597 422 2656; x_wconf 79' lang='lat' dir='ltr'><strong>habereut.</strong></span> <span class='ocrx_word' id='word_1_192' title='bbox 465 2598 529 2657; x_wconf 89' lang='lat' dir='ltr'><strong>Hoo</strong></span> <span class='ocrx_word' id='word_1_193' title='bbox 557 2616 654 2658; x_wconf 89' lang='lat' dir='ltr'><strong>errore</strong></span> <span class='ocrx_word' id='word_1_194' title='bbox 681 2602 710 2658; x_wconf 92' lang='lat' dir='ltr'><strong>et</strong></span> <span class='ocrx_word' id='word_1_195' title='bbox 736 2596 812 2679; x_wconf 72' lang='lat'><strong>§13</strong></span> <span class='ocrx_word' id='word_1_196' title='bbox 839 2599 943 2658; x_wconf 89' lang='lat' dir='ltr'><strong>duetus</strong></span> <span class='ocrx_word' id='word_1_197' title='bbox 969 2600 1052 2658; x_wconf 90' lang='lat' dir='ltr'><strong>initio</strong></span> <span class='ocrx_word' id='word_1_198' title='bbox 1076 2598 1161 2657; x_wconf 90' lang='lat' dir='ltr'><strong>huius</strong></span> <span class='ocrx_word' id='word_1_199' title='bbox 1189 2599 1280 2674; x_wconf 89' lang='lat' dir='ltr'><strong>partis</strong></span> <span class='ocrx_word' id='word_1_200' title='bbox 1302 2597 1330 2672; x_wconf 64' lang='grc' dir='ltr'><strong>(ξ</strong></span> <span class='ocrx_word' id='word_1_201' title='bbox 1348 2598 1398 2672; x_wconf 93' lang='grc'><strong>11)</strong></span> 
     </span>
     <span class='ocr_line' id='line_1_23' title="bbox 275 2698 1399 2774; baseline -0.002 -16"><span class='ocrx_word' id='word_1_202' title='bbox 275 2698 312 2758; x_wconf 90' lang='lat' dir='ltr'><strong>de</strong></span> <span class='ocrx_word' id='word_1_203' title='bbox 339 2699 517 2759; x_wconf 90' lang='lat' dir='ltr'><strong>divinatione</strong></span> <span class='ocrx_word' id='word_1_204' title='bbox 543 2702 635 2760; x_wconf 88' lang='lat' dir='ltr'><strong>verba</strong></span> <span class='ocrx_word' id='word_1_205' title='bbox 660 2701 740 2760; x_wconf 82' lang='lat' dir='ltr'><strong>fauit.</strong></span> <span class='ocrx_word' id='word_1_206' title='bbox 785 2701 848 2772; x_wconf 83' lang='lat' dir='ltr'><strong>Quo</strong></span> <span class='ocrx_word' id='word_1_207' title='bbox 876 2701 961 2760; x_wconf 92' lang='lat' dir='ltr'><strong>mode</strong></span> <span class='ocrx_word' id='word_1_208' title='bbox 988 2718 1060 2760; x_wconf 89' lang='lat' dir='ltr'><strong>vero</strong></span> <span class='ocrx_word' id='word_1_209' title='bbox 1082 2700 1156 2760; x_wconf 90' lang='lat' dir='ltr'><strong>haee</strong></span> <span class='ocrx_word' id='word_1_210' title='bbox 1179 2700 1311 2774; x_wconf 91' lang='lat' dir='ltr'><strong>quaestio</strong></span> <span class='ocrx_word' id='word_1_211' title='bbox 1334 2717 1399 2757; x_wconf 92' lang='lat' dir='ltr'><strong>eum</strong></span> 
     </span>
     <span class='ocr_line' id='line_1_24' title="bbox 275 2799 1399 2876; baseline 0.002 -18"><span class='ocrx_word' id='word_1_212' title='bbox 275 2799 471 2876; x_wconf 89' lang='lat' dir='ltr'><strong>disputatione</strong></span> <span class='ocrx_word' id='word_1_213' title='bbox 501 2802 537 2861; x_wconf 90' lang='lat' dir='ltr'><strong>de</strong></span> <span class='ocrx_word' id='word_1_214' title='bbox 567 2802 627 2862; x_wconf 90' lang='lat' dir='ltr'><strong>fate</strong></span> <span class='ocrx_word' id='word_1_215' title='bbox 657 2804 812 2862; x_wconf 87' lang='lat' dir='ltr'><strong>eoniuneta</strong></span> <span class='ocrx_word' id='word_1_216' title='bbox 842 2807 930 2876; x_wconf 89' lang='lat' dir='ltr'><strong>esset,</strong></span> <span class='ocrx_word' id='word_1_217' title='bbox 960 2821 1019 2862; x_wconf 90' lang='lat' dir='ltr'><strong>non</strong></span> <span class='ocrx_word' id='word_1_218' title='bbox 1047 2803 1192 2861; x_wconf 82' lang='lat' dir='ltr'><strong>intellexit</strong></span> <span class='ocrx_word' id='word_1_219' title='bbox 1221 2805 1251 2860; x_wconf 93' lang='lat' dir='ltr'><strong>et</strong></span> <span class='ocrx_word' id='word_1_220' title='bbox 1278 2801 1334 2860; x_wconf 89' lang='lat' dir='ltr'><strong>hae</strong></span> <span class='ocrx_word' id='word_1_221' title='bbox 1363 2801 1399 2860; x_wconf 88' lang='lat' dir='ltr'><strong>de</strong></span> 
     </span>
     <span class='ocr_line' id='line_1_25' title="bbox 275 2904 1184 2981; baseline 0.002 -20"><span class='ocrx_word' id='word_1_222' title='bbox 275 2919 364 2962; x_wconf 88' lang='lat' dir='ltr'><strong>eausa</strong></span> <span class='ocrx_word' id='word_1_223' title='bbox 385 2905 476 2964; x_wconf 81' lang='lat' dir='ltr'><strong>liuere</strong></span> <span class='ocrx_word' id='word_1_224' title='bbox 499 2904 703 2979; x_wconf 89' lang='lat' dir='ltr'><strong>arbitrabatur,</strong></span> <span class='ocrx_word' id='word_1_225' title='bbox 726 2924 801 2980; x_wconf 91' lang='lat' dir='ltr'><strong>quae</strong></span> <span class='ocrx_word' id='word_1_226' title='bbox 824 2906 879 2964; x_wconf 90' lang='lat' dir='ltr'><strong>sibi</strong></span> <span class='ocrx_word' id='word_1_227' title='bbox 901 2906 1014 2981; x_wconf 89' lang='lat' dir='ltr'><strong>liberet,</strong></span> <span class='ocrx_word' id='word_1_228' title='bbox 1037 2906 1184 2979; x_wconf 84' lang='lat' dir='ltr'><strong>mutare1)</strong></span> 
     </span>
    </p>
   </div>
   <div class='ocr_carea' id='block_1_3' title="bbox 274 3125 1400 3917">
    <p class='ocr_par' dir='ltr' id='par_1_4' title="bbox 274 3125 1400 3917">
     <span class='ocr_line' id='line_1_26' title="bbox 360 3125 1400 3204; baseline -0.002 -18"><span class='ocrx_word' id='word_1_229' title='bbox 360 3125 410 3186; x_wconf 82' lang='lat' dir='ltr'><strong>Ad</strong></span> <span class='ocrx_word' id='word_1_230' title='bbox 437 3127 550 3186; x_wconf 88' lang='lat' dir='ltr'><strong>initium</strong></span> <span class='ocrx_word' id='word_1_231' title='bbox 576 3129 705 3187; x_wconf 89' lang='lat' dir='ltr'><strong>tertiae</strong></span> <span class='ocrx_word' id='word_1_232' title='bbox 731 3128 801 3186; x_wconf 89' lang='lat' dir='ltr'><strong>libri</strong></span> <span class='ocrx_word' id='word_1_233' title='bbox 827 3128 918 3187; x_wconf 89' lang='lat' dir='ltr'><strong>nostri</strong></span> <span class='ocrx_word' id='word_1_234' title='bbox 940 3127 1053 3204; x_wconf 91' lang='lat' dir='ltr'><strong>partis</strong></span> <span class='ocrx_word' id='word_1_235' title='bbox 1076 3126 1121 3203; x_wconf 62' lang='grc' dir='ltr'><strong>(ἓξ</strong></span> <span class='ocrx_word' id='word_1_236' title='bbox 1138 3128 1276 3202; x_wconf 85' lang='grc'>20-38)</span> <span class='ocrx_word' id='word_1_237' title='bbox 1298 3125 1400 3185; x_wconf 85' lang='lat' dir='ltr'><strong>referri</strong></span> 
     </span>
     <span class='ocr_line' id='line_1_27' title="bbox 274 3226 1398 3308; baseline -0.004 -19"><span class='ocrx_word' id='word_1_238' title='bbox 274 3234 406 3305; x_wconf 89' lang='lat' dir='ltr'><strong>possunt,</strong></span> <span class='ocrx_word' id='word_1_239' title='bbox 428 3248 503 3306; x_wconf 90' lang='lat' dir='ltr'><strong>qaae</strong></span> <span class='ocrx_word' id='word_1_240' title='bbox 525 3232 555 3288; x_wconf 91' lang='lat' dir='ltr'><strong>in</strong></span> <span class='ocrx_word' id='word_1_241' title='bbox 577 3230 593 3308; x_wconf 62' lang='grc' dir='ltr'><strong>ξ</strong></span> <span class='ocrx_word' id='word_1_242' title='bbox 609 3231 629 3288; x_wconf 82' lang='grc'><strong>4</strong></span> <span class='ocrx_word' id='word_1_243' title='bbox 651 3232 788 3306; x_wconf 81' lang='lat' dir='ltr'><strong>legimus:</strong></span> <span class='ocrx_word' id='word_1_244' title='bbox 811 3230 871 3290; x_wconf 82' lang='lat' dir='ltr'><strong>Sed</strong></span> <span class='ocrx_word' id='word_1_245' title='bbox 892 3232 1031 3304; x_wconf 79' lang='lat' dir='ltr'><strong>quautam</strong></span> <span class='ocrx_word' id='word_1_246' title='bbox 1107 3231 1197 3288; x_wconf 77' lang='lat' dir='ltr'><strong>laaue</strong></span> <span class='ocrx_word' id='word_1_247' title='bbox 1210 3226 1380 3286; x_wconf 82' lang='lat' dir='ltr'><strong>Academi</strong></span> <span class='ocrx_word' id='word_1_248' title='bbox 1386 3259 1398 3272; x_wconf 93' lang='lat'>·</span> 
     </span>
     <span class='ocr_line' id='line_1_28' title="bbox 276 3330 1395 3406; baseline -0.005 -15"><span class='ocrx_word' id='word_1_249' title='bbox 276 3349 393 3391; x_wconf 86' lang='lat' dir='ltr'><strong>aarum</strong></span> <span class='ocrx_word' id='word_1_250' title='bbox 416 3337 540 3392; x_wconf 79' lang='lat' dir='ltr'><strong>eontra</strong></span> <span class='ocrx_word' id='word_1_251' title='bbox 560 3335 785 3405; x_wconf 76' lang='lat' dir='ltr'><strong>prepositure</strong></span> <span class='ocrx_word' id='word_1_252' title='bbox 807 3332 1019 3406; x_wconf 79' lang='lat' dir='ltr'><strong>disputandi</strong></span> <span class='ocrx_word' id='word_1_253' title='bbox 1040 3330 1329 3390; x_wconf 78' lang='lat' dir='ltr'><strong>cousuetudinem</strong></span> <span class='ocrx_word' id='word_1_254' title='bbox 1350 3331 1395 3386; x_wconf 80' lang='lat' dir='ltr'><strong>iu-</strong></span> 
     </span>
     <span class='ocr_line' id='line_1_29' title="bbox 277 3430 1398 3506; baseline -0.004 -14"><span class='ocrx_word' id='word_1_255' title='bbox 277 3435 379 3492; x_wconf 77' lang='lat' dir='ltr'><strong>dieaut</strong></span> <span class='ocrx_word' id='word_1_256' title='bbox 402 3438 428 3492; x_wconf 88' lang='lat' dir='ltr'><strong>te</strong></span> <span class='ocrx_word' id='word_1_257' title='bbox 449 3435 610 3506; x_wconf 80' lang='lat' dir='ltr'><strong>suscepisse</strong></span> <span class='ocrx_word' id='word_1_258' title='bbox 633 3434 819 3492; x_wconf 75' lang='lat' dir='ltr'><strong>Tusculanae</strong></span> <span class='ocrx_word' id='word_1_259' title='bbox 841 3433 1067 3506; x_wconf 79' lang='lat' dir='ltr'><strong>disputatieues,</strong></span> <span class='ocrx_word' id='word_1_260' title='bbox 1091 3448 1224 3504; x_wconf 82' lang='lat' dir='ltr'><strong>peuere</strong></span> <span class='ocrx_word' id='word_1_261' title='bbox 1247 3430 1398 3502; x_wconf 78' lang='lat' dir='ltr'><strong>aliquid,</strong></span> 
     </span>
     <span class='ocr_line' id='line_1_30' title="bbox 276 3532 1398 3607; baseline -0.004 -15"><span class='ocrx_word' id='word_1_262' title='bbox 276 3535 322 3592; x_wconf 86' lang='lat' dir='ltr'><strong>ud</strong></span> <span class='ocrx_word' id='word_1_263' title='bbox 352 3535 445 3607; x_wconf 81' lang='lat' dir='ltr'><strong>qued</strong></span> <span class='ocrx_word' id='word_1_264' title='bbox 475 3536 630 3604; x_wconf 81' lang='lat' dir='ltr'><strong>audiam,</strong></span> <span class='ocrx_word' id='word_1_265' title='bbox 738 3535 811 3592; x_wconf 88' lang='lat' dir='ltr'><strong>oola.</strong></span> <span class='ocrx_word' id='word_1_266' title='bbox 854 3535 925 3594; x_wconf 89' lang='lat' dir='ltr'><strong>Veri</strong></span> <span class='ocrx_word' id='word_1_267' title='bbox 954 3535 1048 3592; x_wconf 89' lang='lat' dir='ltr'><strong>simile</strong></span> <span class='ocrx_word' id='word_1_268' title='bbox 1078 3537 1122 3591; x_wconf 90' lang='lat' dir='ltr'><strong>est</strong></span> <span class='ocrx_word' id='word_1_269' title='bbox 1151 3533 1247 3592; x_wconf 86' lang='lat' dir='ltr'><strong>statim</strong></span> <span class='ocrx_word' id='word_1_270' title='bbox 1277 3532 1398 3607; x_wconf 91' lang='lat' dir='ltr'><strong>primam</strong></span> 
     </span>
     <span class='ocr_line' id='line_1_31' title="bbox 276 3634 1399 3712; baseline -0.001 -18"><span class='ocrx_word' id='word_1_271' title='bbox 276 3635 478 3712; x_wconf 90' lang='lat' dir='ltr'><strong>disputationis</strong></span> <span class='ocrx_word' id='word_1_272' title='bbox 505 3640 617 3712; x_wconf 88' lang='lat' dir='ltr'><strong>partem</strong></span> <span class='ocrx_word' id='word_1_273' title='bbox 640 3655 658 3694; x_wconf 92' lang='lat' dir='ltr'><strong>a</strong></span> <span class='ocrx_word' id='word_1_274' title='bbox 678 3637 734 3694; x_wconf 87' lang='lat' dir='ltr'><strong>tali</strong></span> <span class='ocrx_word' id='word_1_275' title='bbox 754 3638 906 3710; x_wconf 82' lang='lat' dir='ltr'><strong>preposito</strong></span> <span class='ocrx_word' id='word_1_276' title='bbox 934 3653 998 3695; x_wconf 89' lang='lat' dir='ltr'><strong>esse</strong></span> <span class='ocrx_word' id='word_1_277' title='bbox 1020 3653 1168 3709; x_wconf 89' lang='lat' dir='ltr'><strong>exorsam,</strong></span> <span class='ocrx_word' id='word_1_278' title='bbox 1196 3639 1298 3694; x_wconf 88' lang='lat' dir='ltr'><strong>eontra</strong></span> <span class='ocrx_word' id='word_1_279' title='bbox 1320 3634 1399 3711; x_wconf 91' lang='lat' dir='ltr'><strong>qued</strong></span> 
     </span>
     <span class='ocr_line' id='line_1_32' title="bbox 274 3737 1400 3814; baseline 0.002 -20"><span class='ocrx_word' id='word_1_280' title='bbox 274 3738 305 3794; x_wconf 91' lang='lat' dir='ltr'><strong>in</strong></span> <span class='ocrx_word' id='word_1_281' title='bbox 334 3737 368 3814; x_wconf 58' lang='grc' dir='ltr'><strong>ξς</strong></span> <span class='ocrx_word' id='word_1_282' title='bbox 384 3739 485 3795; x_wconf 88' lang='grc'><strong>7-11</strong></span> <span class='ocrx_word' id='word_1_283' title='bbox 518 3742 677 3814; x_wconf 82' lang='lat' dir='ltr'><strong>pugnatur,</strong></span> <span class='ocrx_word' id='word_1_284' title='bbox 706 3738 794 3813; x_wconf 91' lang='lat' dir='ltr'><strong>idque</strong></span> <span class='ocrx_word' id='word_1_285' title='bbox 820 3737 908 3798; x_wconf 86' lang='lat' dir='ltr'><strong>fuisse</strong></span> <span class='ocrx_word' id='word_1_286' title='bbox 936 3737 1066 3797; x_wconf 89' lang='lat' dir='ltr'><strong>eiusdem</strong></span> <span class='ocrx_word' id='word_1_287' title='bbox 1090 3737 1181 3810; x_wconf 93' lang='lat' dir='ltr'><strong>modi,</strong></span> <span class='ocrx_word' id='word_1_288' title='bbox 1211 3742 1298 3814; x_wconf 88' lang='lat' dir='ltr'><strong>atque</strong></span> <span class='ocrx_word' id='word_1_289' title='bbox 1321 3737 1400 3813; x_wconf 90' lang='lat' dir='ltr'><strong>qued</strong></span> 
     </span>
     <span class='ocr_line' id='line_1_33' title="bbox 275 3839 1399 3917; baseline 0.002 -20"><span class='ocrx_word' id='word_1_290' title='bbox 275 3840 306 3897; x_wconf 91' lang='lat' dir='ltr'><strong>in</strong></span> <span class='ocrx_word' id='word_1_291' title='bbox 328 3839 401 3916; x_wconf 73' lang='lat'><strong>§20</strong></span> <span class='ocrx_word' id='word_1_292' title='bbox 423 3843 525 3899; x_wconf 84' lang='lat' dir='ltr'><strong>exstat.</strong></span> <span class='ocrx_word' id='word_1_293' title='bbox 568 3841 750 3915; x_wconf 82' lang='lat' dir='ltr'><strong>Prepeuitur</strong></span> <span class='ocrx_word' id='word_1_294' title='bbox 770 3841 858 3917; x_wconf 82' lang='lat' dir='ltr'><strong>igitur</strong></span> <span class='ocrx_word' id='word_1_295' title='bbox 880 3840 1038 3917; x_wconf 80' lang='lat' dir='ltr'><strong>Chrysippi</strong></span> <span class='ocrx_word' id='word_1_296' title='bbox 1059 3841 1222 3915; x_wconf 77' lang='lat' dir='ltr'><strong>conclusio,</strong></span> <span class='ocrx_word' id='word_1_297' title='bbox 1248 3858 1335 3915; x_wconf 90' lang='lat' dir='ltr'><strong>quam</strong></span> <span class='ocrx_word' id='word_1_298' title='bbox 1357 3841 1399 3899; x_wconf 90' lang='lat' dir='ltr'><strong>sie</strong></span> 
     </span>
    </p>
   </div>
   <div class='ocr_carea' id='block_1_4' title="bbox 275 4090 1398 4417">
    <p class='ocr_par' dir='ltr' id='par_1_5' title="bbox 275 4090 1398 4417">
     <span class='ocr_line' id='line_1_34' title="bbox 362 4090 1398 4161; baseline -0.005 -16"><span class='ocrx_word' id='word_1_299' title='bbox 362 4094 383 4161; x_wconf 90' lang='lat'><strong>¹)</strong></span> <span class='ocrx_word' id='word_1_300' title='bbox 418 4090 513 4146; x_wconf 88' lang='lat' dir='ltr'><strong>Lieere</strong></span> <span class='ocrx_word' id='word_1_301' title='bbox 548 4095 638 4145; x_wconf 87' lang='lat' dir='ltr'><strong>autem</strong></span> <span class='ocrx_word' id='word_1_302' title='bbox 674 4091 796 4145; x_wconf 90' lang='lat' dir='ltr'><strong>ordinem</strong></span> <span class='ocrx_word' id='word_1_303' title='bbox 830 4090 1025 4160; x_wconf 86' lang='lat' dir='ltr'><strong>disputationis</strong></span> <span class='ocrx_word' id='word_1_304' title='bbox 1060 4091 1199 4147; x_wconf 81' lang='lat' dir='ltr'><strong>adhibitae</strong></span> <span class='ocrx_word' id='word_1_305' title='bbox 1235 4092 1398 4144; x_wconf 83' lang='lat' dir='ltr'><strong>commutare</strong></span> 
     </span>
     <span class='ocr_line' id='line_1_35' title="bbox 276 4171 1398 4246; baseline -0.006 -15"><span class='ocrx_word' id='word_1_306' title='bbox 276 4176 434 4231; x_wconf 78' lang='lat' dir='ltr'><strong>Ciceronem</strong></span> <span class='ocrx_word' id='word_1_307' title='bbox 456 4177 519 4232; x_wconf 89' lang='lat' dir='ltr'><strong>ideo</strong></span> <span class='ocrx_word' id='word_1_308' title='bbox 541 4177 712 4245; x_wconf 87' lang='lat' dir='ltr'><strong>potissimum</strong></span> <span class='ocrx_word' id='word_1_309' title='bbox 734 4176 859 4245; x_wconf 81' lang='lat' dir='ltr'><strong>suspicer</strong></span> <span class='ocrx_word' id='word_1_310' title='bbox 881 4177 1023 4246; x_wconf 88' lang='lat' dir='ltr'><strong>opinatum</strong></span> <span class='ocrx_word' id='word_1_311' title='bbox 1045 4193 1118 4245; x_wconf 89' lang='lat' dir='ltr'><strong>esse,</strong></span> <span class='ocrx_word' id='word_1_312' title='bbox 1146 4175 1220 4244; x_wconf 91' lang='lat' dir='ltr'><strong>qued</strong></span> <span class='ocrx_word' id='word_1_313' title='bbox 1244 4174 1330 4227; x_wconf 90' lang='lat' dir='ltr'><strong>omnis</strong></span> <span class='ocrx_word' id='word_1_314' title='bbox 1352 4171 1398 4225; x_wconf 88' lang='lat' dir='ltr'><strong>ad·</strong></span> 
     </span>
     <span class='ocr_line' id='line_1_36' title="bbox 275 4256 1398 4332; baseline -0.005 -17"><span class='ocrx_word' id='word_1_315' title='bbox 275 4262 457 4316; x_wconf 89' lang='lat' dir='ltr'><strong>versariorum</strong></span> <span class='ocrx_word' id='word_1_316' title='bbox 481 4261 644 4331; x_wconf 83' lang='lat' dir='ltr'><strong>comparatio</strong></span> <span class='ocrx_word' id='word_1_317' title='bbox 669 4261 788 4330; x_wconf 87' lang='lat' dir='ltr'><strong>quodam</strong></span> <span class='ocrx_word' id='word_1_318' title='bbox 811 4261 894 4317; x_wconf 90' lang='lat' dir='ltr'><strong>modo</strong></span> <span class='ocrx_word' id='word_1_319' title='bbox 919 4263 1098 4332; x_wconf 81' lang='lat' dir='ltr'><strong>aprepesa&#39;te</strong></span> <span class='ocrx_word' id='word_1_320' title='bbox 1123 4258 1280 4315; x_wconf 85' lang='lat' dir='ltr'><strong>ordiebatur</strong></span> <span class='ocrx_word' id='word_1_321' title='bbox 1303 4256 1398 4326; x_wconf 65' lang='lat'><strong>(513),</strong></span> 
     </span>
     <span class='ocr_line' id='line_1_37' title="bbox 275 4346 1081 4417; baseline 0 -16"><span class='ocrx_word' id='word_1_322' title='bbox 275 4346 304 4401; x_wconf 88' lang='lat' dir='ltr'><strong>iu</strong></span> <span class='ocrx_word' id='word_1_323' title='bbox 322 4346 398 4415; x_wconf 91' lang='lat' dir='ltr'><strong>quod</strong></span> <span class='ocrx_word' id='word_1_324' title='bbox 414 4347 521 4416; x_wconf 80' lang='lat' dir='ltr'><strong>signum</strong></span> <span class='ocrx_word' id='word_1_325' title='bbox 539 4347 648 4416; x_wconf 84' lang='lat' dir='ltr'><strong>putavit</strong></span> <span class='ocrx_word' id='word_1_326' title='bbox 665 4346 694 4415; x_wconf 66' lang='grc' dir='ltr'><strong>(ξ</strong></span> <span class='ocrx_word' id='word_1_327' title='bbox 706 4351 734 4416; x_wconf 78' lang='lat' dir='ltr'><strong>l)</strong></span> <span class='ocrx_word' id='word_1_328' title='bbox 751 4362 849 4403; x_wconf 89' lang='lat' dir='ltr'><strong>novam</strong></span> <span class='ocrx_word' id='word_1_329' title='bbox 866 4347 951 4417; x_wconf 88' lang='lat' dir='ltr'><strong>ineipi</strong></span> <span class='ocrx_word' id='word_1_330' title='bbox 968 4352 1081 4417; x_wconf 87' lang='lat' dir='ltr'><strong>partem.</strong></span> 
     </span>
    </p>
   </div>
   <div class='ocr_carea' id='block_1_5' title="bbox 0 0 1565 4972">
    <p class='ocr_par' dir='ltr' id='par_1_6' title="bbox 0 0 1565 4972">
     <span class='ocr_line' id='line_1_38' title="bbox 0 0 1565 4972; baseline 0 0"><span class='ocrx_word' id='word_1_331' title='bbox 0 0 1565 4972; x_wconf 95' lang='lat' dir='ltr'><strong> </strong></span> 
     </span>
    </p>
   </div>
  </div>
 </body>
</html>
