3120 4972
1262 369 1301 427 99

181 541 341 619 eodemque
362 541 532 602 referendas
554 559 618 601 esse
640 540 673 618 §g
690 541 825 615 21-25,
848 560 866 599 a
887 541 1030 617 principio
1052 541 1102 599 vix
1124 541 1302 600 concesseris

181 645 267 703 etiam
289 644 344 704 hac
365 647 449 720 parte
469 646 607 703 universa
629 644 751 703 eandem
773 662 834 703 rem
852 645 979 704 tractari.
1013 643 1112 719 Atque
1127 660 1202 717 quae
1217 643 1302 701 huius

180 747 271 822 partis
292 749 408 806 seruata
430 750 505 820 sunt,
527 747 570 805 nil
591 748 652 805 tale
674 746 818 818 indicant3
841 745 877 805 de
898 746 1020 822 perditis
1039 764 1111 805 vero
1127 746 1184 804 nisi
1200 763 1236 804 ex
1252 745 1301 819 eis,

180 865 255 922 quae
278 851 402 923 exstant,
425 867 484 907 non
506 850 578 907 licet
599 848 736 907 iudicare.
769 849 865 908 Mores
888 850 963 908 euim
987 866 1129 922 nusquam
1143 850 1302 922 tanguntur

178 952 234 1010 nisi
264 951 341 1010 intra
371 953 586 1011 conclusionem
616 951 688 1028 §40
718 953 854 1026 relatam,
884 952 934 1011 ubi
963 970 1021 1010 nou
1051 968 1104 1009 sua
1133 968 1223 1009 causa
1252 967 1301 1008 eos

179 1055 398 1113 commemorari
420 1053 480 1127 scd,
503 1059 534 1112 ut
557 1055 716 1127 conclusio,
738 1072 824 1129 quam
843 1055 985 1130 integram
1001 1053 1166 1113 describere
1182 1069 1301 1111 necesse

178 1159 253 1229 erat,
284 1158 375 1232 plena
397 1157 441 1230 sit,
463 1155 532 1214 inde
554 1161 686 1233 apparet,
709 1156 786 1232 quod
809 1157 847 1215 ad
869 1156 945 1216 hanc
968 1156 1166 1215 conclusionis
1188 1158 1301 1231 partem

177 1263 280 1335 postea
313 1277 455 1334 nusquam
488 1260 677 1336 respicitur.1)
728 1259 786 1319 Sed
815 1259 889 1319 haec
919 1260 1161 1318 assensionum
1189 1261 1301 1316 tantum

179 1379 267 1420 causa
295 1361 503 1434 introducitur,
533 1362 568 1421 de
599 1363 701 1436 quibus
730 1363 760 1419 in
791 1360 934 1437 §dlsqq
960 1362 1008 1435 agi
1034 1359 1217 1418 manifestum
1245 1362 1300 1418 est:

179 1482 232 1522 eae
260 1482 330 1522 vero
360 1465 441 1540 ipsae
468 1482 527 1523 non
553 1482 605 1539 per
631 1481 662 1522 se
689 1467 860 1536 tractantur,
890 1461 942 1521 sed
964 1463 1030 1521 ideo
1054 1461 1240 1532 adhibentur,
1270 1465 1302 1519 ut

180 1583 293 1623 earum
321 1583 384 1640 ope
412 1566 621 1624 conciliatio
649 1564 715 1623 fiat
739 1565 831 1623 inter
853 1563 1086 1624 adversarios.
1131 1564 1202 1624 Cum
1225 1563 1301 1621 enim

180 1667 216 1725 de
242 1666 287 1726 his
313 1668 386 1725 talia
409 1666 590 1743 Chrysippus
613 1667 768 1743 docuisset,
799 1670 830 1725 ut
851 1671 950 1742 posset
972 1666 1065 1725 videri
1087 1665 1301 1740 quodammodo

180 1768 323 1827 studuisse
353 1767 405 1827 fau
433 1770 526 1828 vitare
548 1769 763 1842 necessitatem,
793 1786 968 1843 quamquam
990 1787 1049 1827 non
1072 1768 1188 1826 omnino
1210 1767 1301 1825 fatum

179 1887 242 1929 esse
261 1873 429 1945 negaverat,
451 1870 645 1946 philosophus
661 1869 824 1947 Chrysippo
850 1875 1018 1943 tuaquom
1038 1871 1173 1929 arbitro
1194 1870 1301 1927 bouc-

178 1973 275 2030 rurto
304 1973 393 2031 utitur
419 1972 447 2049 (ᾗ
464 1972 529 2048 39);
559 1991 664 2049 nempe
691 1972 785 2046 hunc,
816 1991 881 2032 cum
906 1977 1034 2031 aeterum
1057 1973 1302 2046 plaitosopborum

179 2075 265 2133 alteri
294 2076 455 2133 sensissent
484 2077 584 2133 oruata
612 2077 657 2132 tta
678 2076 744 2148 fato
766 2076 842 2147 teri,
871 2079 906 2134 ut
926 2076 959 2134 id
978 2075 1078 2148 futuru
1098 2076 1157 2133 utra
1178 2076 1301 2133 accessi-

181 2178 251 2235 tata’s
292 2178 428 2251 afferret,
469 2178 570 2236 alteris
607 2179 670 2235 stae
704 2178 768 2235 utto
803 2178 870 2250 feto
908 2194 969 2236 esse
1005 2178 1170 2235 uuimoruuu
1205 2180 1301 2235 motas

177 2279 340 2337 aotuuture'i
381 2279 437 2337 visi
481 2282 592 2352 essent,
643 2284 811 2352 tuaquom
859 2280 1030 2338 arbitrum
1075 2279 1301 2337 laeuorura'uua

178 2383 327 2439 medium
362 2382 472 2455 ferire
506 2382 676 2451 uoluisse,
713 2383 766 2440 sed
798 2382 947 2455 applicare
979 2399 1011 2441 se
1043 2382 1084 2440 ud
1116 2397 1164 2439 eos
1189 2381 1301 2453 potius,

179 2485 230 2554 qui
256 2484 429 2542 necessitate
457 2487 553 2542 motus
583 2486 748 2543 animorum
779 2485 916 2543 liberatos
944 2485 1038 2542 aettut
1167 2483 1302 2557 Pergitur

179 2582 290 2663 (§40):
323 2583 424 2658 Atque
457 2586 524 2656 boc,
557 2589 585 2646 sc'
609 2587 726 2659 placet,
761 2587 849 2658 quate
878 2588 928 2656 stt,
961 2587 1143 2645 videamus
1176 2587 1212 2643 iu
1245 2602 1301 2643 us-

178 2689 404 2748 seusc'oua'bus
535 2688 602 2748 Eas
632 2691 709 2748 euim
737 2694 845 2748 ueteres
874 2689 921 2747 itti
1051 2688 1108 2762 Qui
1137 2690 1234 2746 eutem
1264 2687 1301 2744 ub

178 2790 215 2847 its
249 2790 462 2849 dissentiebant
594 2791 663 2850 Sine
696 2791 784 2850 dubio
817 2790 866 2850 hic
899 2792 1098 2862 annuntiatur,
1132 2789 1201 2864 qnid
1233 2789 1302 2847 huic

177 2891 255 2966 parti
277 2893 458 2968 propositum
481 2893 524 2950 sit.
557 2893 595 2950 Et
617 2893 686 2952 ilico
708 2893 846 2969 incipitur
867 2894 990 2952 collatio
1010 2896 1040 2951 et
1055 2892 1234 2968 comparatio
1250 2891 1301 2949 ad-

178 2994 382 3067 versariorum,
405 2996 455 3069 qui
477 2995 531 3053 sibi
546 2999 732 3071 opponuntur
747 3007 781 3054 eo
797 2996 928 3068 consilio,
951 2998 982 3053 nt
997 2995 1129 3053 adhibita
1144 2993 1302 3069 Chrysippi

179 3092 214 3151 de
235 3094 451 3154 assensionibus
471 3098 615 3155 sententia
629 3098 772 3172 paulatim
786 3099 941 3172 placentur
964 3095 1189 3155 demonstrando
1204 3096 1234 3172 (ξ
1247 3095 1300 3170 44)

178 3199 317 3269 utrosque
339 3199 499 3271 patefacta
529 3203 617 3271 utque
647 3200 792 3272 explicata
821 3201 967 3258 sententia
997 3199 1038 3256 ud
1060 3200 1186 3257 eoadem·
1202 3199 1300 3255 ueuire

180 3300 303 3357 exitum:
325 3317 395 3375 ergo
417 3302 534 3359 uerbis
557 3318 613 3360 eos
634 3319 705 3360 uou
725 3319 762 3360 re
785 3303 964 3362 dissidere.

261 3402 335 3463 Inde
350 3421 403 3478 pro
420 3407 499 3462 certo
514 3403 544 3461 id
556 3405 694 3478 sequitur,
709 3403 772 3462 fieri
782 3422 841 3462 non
852 3421 947 3480 posse,
962 3403 1041 3479 quod
1052 3404 1186 3463 Stuevius
1199 3403 1238 3479 (p.
1248 3403 1300 3480 56)

178 3505 279 3578 voluit,
301 3509 333 3563 ut
355 3505 388 3582 ἓξ
405 3506 529 3564 41-45
554 3506 630 3565 alius
652 3507 779 3566 auctoris
801 3506 995 3566 concedamus
1018 3524 1081 3566 esse
1104 3509 1191 3581 atque
1213 3505 1246 3582 ἓξ
1259 3508 1298 3564 39

179 3609 208 3663 et
230 3606 285 3664 40:
317 3609 460 3666 artissime
490 3608 628 3668 cohaeret
656 3612 718 3667 tota
746 3609 820 3669 haec
849 3627 930 3686 pars,
961 3613 1048 3684 atquc
1071 3610 1095 3668 si
1118 3608 1152 3684 ἓξ
1168 3608 1298 3666 41-45

178 3707 349 3766 Antiochi
370 3709 604 3770 Ascalonitae
627 3729 698 3786 prae
720 3729 751 3770 se
773 3711 869 3770 ferunt
883 3713 1034 3783 rationem,
1058 3710 1094 3769 de
1110 3711 1144 3787 ἐξ
1158 3713 1196 3769 39
1213 3714 1241 3769 et
1257 3712 1298 3768 40

177 3807 256 3866 idem
284 3810 460 3869 censendum
487 3816 538 3871 est.
581 3813 616 3872 ld
644 3831 712 3872 vero
734 3816 814 3872 recte
836 3813 972 3872 Stuevius
994 3813 1085 3871 sensit
1106 3815 1190 3871 nullo
1213 3812 1298 3871 modo

177 3909 240 3968 fieri
261 3929 356 3987 posse,
379 3917 411 3971 ut
432 3913 507 3972 hanc
530 3918 643 3990 partem
665 3933 702 3974 ex
717 3914 868 3974 Carneade
890 3916 941 3973 vel
960 3914 1144 3975 Clitomacho
1166 3913 1299 3973 haustam

263 4077 283 4146 1)
303 4077 427 4132 Ceterum
445 4078 512 4132 nihil
528 4079 659 4149 proficiat,
679 4096 749 4148 quae
761 4080 949 4136 Schmehelius
962 4081 1000 4150 (p.
1012 4085 1059 4134 177
1067 4082 1140 4149 sqq.)
1157 4080 1299 4148 complura

178 4163 213 4218 de
235 4161 286 4218 hac
308 4167 386 4231 parte
407 4164 494 4233 magis
512 4164 547 4219 de
564 4181 614 4220 suo
633 4166 763 4219 confinxit
780 4181 860 4235 quam
877 4165 941 4220 inde
960 4166 1120 4233 explicavit,
1143 4165 1299 4233 singillatim

176 4248 303 4303 refumre.
337 4249 371 4303 Id
392 4249 479 4304 solum
501 4249 651 4305 notandum
669 4256 711 4305 est
727 4251 839 4306 brevius
857 4266 937 4319 quam
956 4250 1075 4306 debebat
1092 4251 1127 4305 ab
1146 4267 1178 4305 eo
1197 4251 1235 4320 (p.
1252 4256 1299 4306 tab

177 4348 235 4389 aun.
250 4338 277 4405 3)
296 4335 457 4389 sententiam
475 4334 587 4390 Cerckii
604 4333 651 4405 (cf.
669 4352 696 4404 p.
709 4337 787 4406 tsq.)
805 4336 902 4406 attingi
920 4339 948 4390 et
964 4335 1108 4406 repudiari.
