3120 4972
214 212 234 271 8

215 398 253 493 ad
275 399 400 475 priorem
423 400 539 475 praeter
554 395 741 457 Posidonium
757 395 913 472 Chrysippi
928 395 965 455 de
979 395 1099 455 somniis
1115 396 1144 453 et
1159 393 1195 454 de
1210 393 1338 453 oraculis

215 501 307 560 libros
334 504 374 575 et,
404 504 435 559 ut
456 499 528 558 mihi
551 498 667 575 quidem
690 516 859 574 persuasum
881 502 933 570 est,
956 497 1087 573 Cratippi
1110 497 1218 572 epesi)
1261 496 1337 556 Satis

216 604 303 678 igitur
333 606 465 679 apertum
494 605 549 674 est,
579 605 720 676 quantum
747 599 834 659 studii
856 603 885 658 et
907 616 1014 674 operae
1036 597 1138 658 Cicero
1160 596 1228 656 huie
1251 614 1338 672 quae·

215 705 303 764 stioui
332 703 453 763 dederit.
505 704 568 762 Hoc
599 706 694 761 autem
725 701 832 774 studio,
863 702 1001 776 quoniam
1031 699 1203 759 Posidonius
1232 717 1250 756 a
1278 696 1338 757 fsto

216 823 330 866 omnem
361 807 417 865 vim
446 807 645 879 rationemque
668 802 820 863 divinandi
841 803 1019 878 repetiverat
1041 801 1090 877 (de
1113 801 1200 860 dial
1221 797 1240 880 ξ
1259 800 1339 876 125),

216 907 353 967 incitatus
375 907 536 980 constituit,
559 906 663 966 eadem
684 907 797 964 ratione
821 909 908 980 atque
930 903 967 962 de
990 904 1169 962 divinatione
1192 903 1279 961 etiam
1302 901 1338 961 de

216 1008 278 1069 fato
301 1011 334 1068 iss
354 1013 509 1082 atramque
525 1013 644 1083 partem
659 1011 835 1082 perpetuom
858 1008 1002 1082 replicare
1024 1007 1186 1065 oratioaem
1208 1003 1257 1078 (de
1279 1002 1339 1062 iate

217 1111 233 1187 ξ
252 1111 290 1188 1).
334 1110 368 1169 ld
390 1112 484 1186 ipsum
507 1111 678 1171 Ciceronem
701 1111 731 1167 in
754 1110 850 1168 animo
872 1109 1009 1168 habuisse
1031 1107 1099 1166 inde
1121 1108 1240 1181 colligo,
1262 1104 1340 1180 quod

218 1212 254 1273 de
277 1212 364 1274 dial
385 1213 402 1288 ξ
420 1214 488 1285 127,
511 1212 560 1272 ubi
575 1213 735 1272 Stoicorum
759 1211 883 1270 refertur
899 1211 1051 1283 sententia,
1074 1209 1191 1267 dieitur:
1276 1226 1341 1266 eum

217 1316 283 1389 fato
315 1317 415 1375 omnio
443 1315 531 1388 ficosi,
560 1314 598 1373 id
626 1314 717 1387 qood
745 1316 819 1373 alio
851 1315 924 1373 ioco
955 1313 1233 1372 ostendetur
1276 1311 1340 1370 Hoe

218 1418 269 1477 vix
298 1419 386 1477 aliter
415 1417 549 1491 intellegi
578 1420 673 1492 petest
702 1420 789 1491 atque
817 1417 872 1475 sic:
902 1433 959 1474 une
981 1419 1041 1474 tum
1063 1414 1139 1472 libre
1162 1412 1342 1486 Ciceronem,

219 1519 363 1594 quomode
396 1518 487 1578 Stoici
523 1517 757 1578 demonstrarent
793 1520 889 1577 omnia
923 1516 984 1577 fato
1016 1517 1092 1589 fieri,
1128 1516 1258 1574 voluisse
1291 1533 1341 1574 ex·

218 1638 336 1698 ponere.
390 1621 425 1678 In
462 1619 590 1679 secundo
625 1619 732 1678 deiude
764 1621 840 1679 libro
874 1621 900 1677 ei
933 1618 1139 1696 opponendum
1172 1620 1247 1690 erat,
1284 1633 1342 1690 qua

218 1723 330 1781 ratione
360 1722 531 1781 Academici
563 1721 593 1779 id
626 1727 768 1798 negarent
802 1726 830 1780 et
859 1721 1031 1781 refutarent:
1064 1722 1094 1778 in
1123 1719 1200 1778 hane
1230 1722 1342 1795 partem

219 1824 360 1901 prospicit
383 1823 419 1883 de
442 1824 499 1882 div.
515 1824 543 1883 ll
566 1824 650 1901 §192
674 1825 754 1883 ontis
775 1841 848 1883 same
871 1829 899 1883 et
913 1825 1038 1898 plenem
1052 1822 1269 1896 superstitionis
1282 1821 1344 1895 foti

219 1972 344 2040 exeeptis
371 1987 436 2027 sano
462 1972 564 2027 Latinis
591 1971 723 2041 exemplis
750 2002 795 2040 —‚
823 1977 851 2026 et
877 1986 936 2040 eas,
963 1971 1063 2040 quibus
1088 1970 1205 2025 subsunt
1230 1968 1343 2039 quidem

219 2057 370 2112 sententiae
383 2056 536 2126 Carneadis,
555 2057 662 2126 sedita,
680 2061 710 2110 ιιι
723 2072 739 2111 a
751 2057 881 2113 Cicerone
892 2057 953 2126 ipso
966 2055 1116 2124 dispositae
1129 2060 1157 2109 et
1170 2070 1204 2109 ex
1216 2054 1344 2108 memoria

219 2142 291 2198 sicut
311 2143 337 2195 in
355 2143 504 2211 prooemiis
522 2141 609 2210 (uelut
627 2142 639 2196 l
658 2142 785 2211 disqu.)
803 2142 913 2211 proprio
932 2141 1042 2195 arbitrio
1061 2144 1206 2209 usurpatae
1225 2144 1253 2194 et
1270 2155 1343 2193 com-

219 2227 326 2295 positae
344 2227 409 2295 sint3
426 2227 455 2280 id
474 2237 573 2281 censeo
592 2227 627 2281 de
647 2228 680 2297 ἐς·
694 2232 802 2295 ati—su,
817 2231 947 2296 ,eu-109,
968 2230 1108 2281 tas-142.

306 2314 327 2381 ¹)
347 2312 526 2383 Chrysippi
552 2328 646 2367 eorum
672 2313 814 2378 librorum,
841 2327 911 2381 quoa
936 2312 1156 2379 commemoravi,
1184 2312 1344 2368 Ciceronem

221 2398 354 2467 quaedam
379 2398 478 2466 legisse
502 2398 656 2452 testimonia
674 2403 737 2451 suut
755 2398 768 2451 Ι
787 2397 846 2466 §37
867 2402 895 2451 et
912 2397 986 2464 §³92
1011 2397 1039 2450 ll
1057 2396 1072 2467 ξ
1089 2401 1135 2451 liti
1154 2401 1182 2451 et
1199 2396 1278 2466 §144
1297 2395 1344 2463 (dc

220 2483 296 2538 libris
318 2485 376 2547 eius
394 2483 429 2538 de
447 2484 612 2538 divinatione
631 2484 739 2538 duobus
757 2484 858 2538 nullum
876 2484 1005 2538 iudicium
1023 2490 1132 2553 praesto
1152 2485 1217 2553 est):
1240 2487 1268 2538 at
1286 2483 1345 2536 veri

220 2569 383 2624 simillimum
406 2574 485 2638 puto,
510 2584 579 2639 quae
603 2569 666 2623 inde
689 2585 705 2624 a
726 2569 788 2638 §39
812 2569 960 2624 afferuntur
982 2568 1107 2638 exempla
1129 2568 1245 2634 Graeca,
1270 2573 1344 2623 certe

221 2653 351 2724 pleraque
377 2670 432 2708 nou
460 2670 494 2707 ex
521 2654 675 2724 Chrysippo
702 2656 762 2724 ipso
789 2654 839 2709 aed
867 2669 901 2708 ex
927 2654 1088 2724 Cratippo
1112 2653 1343 2723 Peripatetico

220 2739 247 2809 (Ι
265 2741 321 2809 gt)
344 2739 484 2808 descripte
506 2755 574 2797 esse.
610 2740 691 2795 Utin
710 2756 742 2795 ea
759 2757 787 2794 re
805 2741 939 2795 assentiar
956 2741 1069 2811 lleyero
1087 2740 1168 2808 (llus.
1181 2739 1268 2795 Rheu.
1281 2738 1345 2793 Llll

224 2829 288 2879 teas
306 2841 332 2894 p.
343 2825 395 2894 te),
414 2825 537 2879 adducor
555 2825 669 2893 primum
687 2825 720 2895 ἕξ
733 2829 824 2894 ibeo,
844 2840 912 2894 quas
931 2840 964 2879 ex
981 2824 1105 2894 epistulis
1116 2828 1164 2879 aut
1175 2823 1345 2879 sermonibus

221 2926 283 2965 oum
295 2909 424 2978 Cratippe
442 2909 541 2965 habitis
553 2910 712 2965 Ciceronem
724 2911 879 2964 memoriter
891 2910 1045 2965 adiunxisse
1058 2909 1184 2979 (Schiche
1199 2909 1216 2962 l.
1227 2926 1250 2964 c.
1263 2925 1290 2977 p.
1301 2911 1344 2977 24)

221 2995 326 3050 tamdiu
343 3011 397 3049 uon
419 3011 532 3064 possum
549 2996 682 3064 accipere,
701 3011 782 3065 quam
800 2995 865 3049 licet
880 2995 984 3065 opinari
996 2995 1157 3049 Ciceronem
1169 2993 1239 3049 libro
1252 2994 1285 3049 ab
1298 2993 1345 3048 illo

223 3081 376 3150 conscripto
388 3096 468 3135 usum
481 3097 550 3150 esse,
565 3088 623 3136 tum
635 3097 771 3137 consensu
782 3080 934 3151 partitionis
946 3081 973 3135 in
986 3081 1002 3150 ᾗ
1013 3088 1026 3133 5
1040 3081 1075 3134 de
1088 3081 1217 3149 Cratippo
1230 3079 1345 3134 traditae

223 3184 283 3223 cum
309 3168 369 3237 §ll
395 3168 497 3237 verbis,
521 3184 592 3237 quae
616 3168 729 3222 eandem
752 3182 816 3236 prae
839 3184 870 3223 se
887 3168 991 3222 ferunt:
1081 3165 1151 3235 qaod
1173 3168 1203 3219 ct
1224 3163 1345 3220 semoi-

223 3251 358 3307 uatibus
391 3268 469 3321 accepte
502 3252 638 3322 eontinpa't
667 3255 696 3306 et
725 3269 781 3306 noar
810 3268 957 3321 tremonem
986 3250 1262 3306 vaticinantibus
1285 3266 1347 3319 per

222 3336 369 3407 furorem
391 3341 472 3405 atque
495 3353 556 3391 cum
574 3337 632 3407 §il
654 3336 708 3391 his:
782 3337 914 3409 sepositis
932 3336 1061 3406 reemptio
1080 3352 1232 3391 eororam
1249 3334 1346 3390 vatim-

223 3421 367 3476 uota'oaam
391 3429 418 3478 et
440 3422 619 3478 somniorum:
644 3423 744 3492 quibus
768 3423 858 3478 verbis
881 3423 959 3492 quasi
982 3423 1219 3492 comprehenditur
1238 3427 1266 3477 et
1283 3437 1346 3476 con·

224 3507 342 3563 cluditur
365 3523 397 3562 ea
419 3508 480 3563 libri
498 3524 573 3578 pars,
596 3524 649 3578 qua
667 3509 701 3579 §fl
715 3513 746 3563 39
757 3524 817 3577 sqq.
835 3524 984 3563 eororam
1001 3508 1204 3563 aemulorum
1221 3508 1347 3576 exempla

223 3597 395 3662 exponuntur
413 3609 533 3664 -quae
557 3609 622 3649 vera
645 3594 812 3649 existimavit
835 3598 864 3647 et
886 3598 998 3663 propter
1020 3595 1209 3650 auctoritatem
1226 3594 1347 3648 virorum

224 3677 395 3747 gravissima,
418 3693 452 3733 ex
470 3678 624 3749 Chrysippo
649 3679 767 3749 elegisse
791 3678 912 3748 videtur,
936 3694 990 3732 nen
1009 3679 1098 3733 omnia
1116 3679 1264 3734 credidisse
1281 3692 1348 3733 vera

224 3761 271 3831 (ei.
284 3762 300 3832 g
313 3764 358 3829 39)
376 3793 416 3831 -,
439 3761 472 3833 ἐξ
486 3768 584 3817 tib—bt
603 3764 701 3833 farer
718 3763 852 3830 definitur,
872 3762 907 3817 de
925 3779 979 3832 quo
998 3768 1097 3832 postea
1115 3764 1148 3834 ἓξ
1162 3769 1193 3818 80
1203 3779 1263 3833 sqq.
1280 3779 1347 3817 non-

223 3846 297 3903 nulla
320 3847 500 3917 disseruntur,
524 3863 589 3902 saue
612 3848 777 3917 perturbate.
813 3848 939 3916 Denique
963 3848 1050 3902 omnis
1074 3850 1143 3904 ratio
1166 3848 1244 3903 huius
1263 3847 1348 3916 partis

225 3931 435 4001 Peripateticum
448 3933 547 4001 passim
556 3948 653 4001 supere
663 3933 780 4002 videtur,
792 3932 869 3989 velut
880 3932 1028 4003 §§46sqq.‚
1041 3936 1150 4003 62-5l‚
1164 3938 1252 4002 tiraq„
1266 3937 1297 3986 80
1306 3947 1347 4000 sq.

311 4018 492 4074 Posidonio
516 4022 606 4073 autem
632 4017 792 4073 tribuendae
815 4024 879 4073 suut
902 4017 1058 4089 ἐξω-64
1082 4018 1139 4087 (ubi
1162 4034 1264 4073 novum
1286 4032 1348 4072 euru

224 4100 361 4156 introduci
378 4103 551 4159 manifestum
570 4107 623 4172 est,
647 4120 701 4158 uon
720 4103 808 4159 minus
826 4108 942 4174 eertum,
968 4118 1038 4173 quae
1056 4103 1269 4172 subsequuntur,
1293 4113 1349 4156 non

225 4185 279 4241 ism
297 4185 419 4242 eiusdem
437 4190 519 4258 esse),
538 4192 662 4258 87-131,
681 4187 709 4243 ΙΙ
727 4188 760 4259 §5
774 4193 883 4245 83—84.
