3120 4972
262 336 303 396 46

263 506 437 582 confiteor.¹)
480 508 564 568 Nihil
586 506 720 584 impedit,
744 508 895 584 quominus
917 505 954 568 de
975 503 1022 566 tin.
1037 506 1080 568 IV
1098 505 1132 586 ἐξ
1146 508 1256 584 ldsqq.
1279 506 1386 568 librum

262 612 347 668 illum
377 610 415 669 ad
436 611 562 670 Balbum
592 612 711 671 missum
742 613 917 671 contineant.
961 612 1003 672 At
1030 612 1100 687 quid
1126 611 1163 670 de
1190 611 1385 688 disputatione

262 709 336 792 περὶ
368 707 564 794 εἱμαρμένης
591 713 769 773 censendum
796 714 858 773 est?
903 713 1035 785 Quantus
1064 713 1113 772 hic
1142 713 1217 773 liber
1240 718 1268 773 et
1291 716 1385 789 qualis

261 814 334 873 fuit?
379 815 478 891 Atque
505 817 628 891 primum
658 815 775 891 quidem
804 814 834 874 id
862 819 971 876 certum
1001 820 1059 890 est,
1088 817 1192 875 libello
1221 820 1319 875 nostro
1348 816 1385 875 de

261 915 322 975 fato
349 920 378 976 et
403 917 697 994 ac.11§§13-39,
726 919 795 978 item
818 918 1111 996 ac.11§§40-60,
1141 936 1215 993 quae
1238 918 1385 977 adhibitae

261 1021 328 1078 sunt
360 1018 572 1095 disputationes
601 1020 755 1094 Antiochi,
789 1024 865 1080 totas
894 1021 956 1081 iere
986 1020 1142 1080 exhaustas
1171 1038 1246 1079 esse:
1279 1021 1309 1078 in
1339 1021 1384 1080 his

262 1121 364 1181 Cicero
394 1120 439 1181 bis
469 1125 590 1180 annotat
619 1140 650 1181 se
682 1125 778 1199 capita
807 1127 919 1182 tantum
950 1124 1072 1197 reterre,
1102 1141 1145 1182 ac.
1160 1124 1190 1181 Il
1212 1121 1283 1196 §49
1307 1127 1335 1182 et
1357 1124 1384 1180 ll

262 1225 335 1296 §30
363 1224 390 1300 (ᾖ
406 1225 445 1282 37
473 1225 629 1300 respicitur
655 1225 693 1283 ad
716 1225 849 1285 omissam
872 1225 1009 1303 partem),
1039 1225 1116 1285 unde
1145 1227 1208 1284 veri
1233 1226 1327 1284 simile
1353 1225 1385 1283 fit

261 1328 359 1384 cetera
393 1327 509 1400 integra
542 1330 571 1385 et
603 1327 693 1402 plena
725 1325 821 1400 reddi,
858 1345 917 1386 non
950 1328 1077 1403 excerpi.
1132 1327 1284 1386 Pleniores
1315 1344 1384 1384 vcro

262 1431 311 1488 aut
337 1447 454 1504 prorsus
477 1429 638 1488 incolumes
660 1429 801 1488 habemus
823 1447 872 1488 eas
896 1429 1118 1506 disputationes,
1146 1428 1224 1488 unde
1246 1430 1384 1488 librorum

262 1531 410 1592 Ciceronis
438 1530 473 1590 de
500 1530 547 1589 tin.
570 1532 597 1590 V
620 1535 653 1604 ἓξ
673 1532 799 1590 15-72
827 1535 915 1608 atquc
942 1531 978 1591 de
1003 1531 1050 1590 tin.
1065 1531 1108 1590 IV
1129 1531 1163 1609 ἐξ
1180 1531 1294 1607 14sqq.
1317 1549 1385 1589 con·

261 1652 365 1692 versae
401 1638 480 1707 sunt,
517 1635 585 1692 item
622 1635 698 1692 acl
731 1637 765 1707 ἓξ
787 1634 928 1696 15-42.
978 1636 1043 1694 Hae
1080 1635 1290 1711 disputationes
1327 1652 1386 1692 uon

262 1735 363 1795 eadem
394 1755 493 1796 omnes
524 1737 715 1811 amplitudine
745 1740 824 1810 sunt,
854 1741 884 1795 at
913 1741 992 1796 certe
1015 1739 1114 1796 simili:
1140 1741 1266 1795 nonest
1289 1753 1385 1809 causa,

263 1855 315 1897 cur
345 1837 520 1910 dubitemus,
555 1839 624 1912 quin
654 1839 798 1913 genuinae
828 1836 967 1898 Antiochi
1000 1838 1211 1914 disputati0nes
1239 1841 1289 1895 aut
1317 1855 1385 1897 con-

262 1941 363 2000 similis
386 1944 436 1999 aut
458 1940 585 2000 ciusdem
609 1940 717 1999 fuerint
739 1941 874 2014 ambitus,
896 1958 991 2016 paene
1012 1958 1122 2016 parvae
1145 1944 1194 1998 aut
1215 1939 1385 2013 medioeres,

262 2047 341 2103 certe
370 2061 429 2102 non
458 2061 645 2119 permagnae.
696 2041 820 2103 Omnes
848 2061 932 2103 vero
956 2062 994 2103 cc
1024 2044 1262 2115 consentiunt,
1293 2043 1385 2118 quod

262 2147 356 2206 intra
382 2149 499 2206 certos
525 2146 620 2206 fines
646 2145 688 2206 de
711 2150 807 2206 corta
828 2165 864 2206 re
886 2147 1045 2206 breviter
1067 2150 1100 2206 et
1121 2147 1323 2218 summatim,
1350 2149 1385 2204 at

261 2251 368 2325 plene
405 2253 440 2309 et
472 2254 637 2324 quantum
671 2267 756 2325 opus
787 2253 839 2308 cst
869 2249 1081 2324 disputatur,
1118 2250 1281 2324 quaestio
1312 2265 1385 2307 sus·

263 2355 365 2426 cepta
393 2355 468 2410 tcta
498 2350 698 2411 conficitur.
743 2351 867 2411 Omnes
897 2353 1080 2426 vulgarem
1106 2350 1279 2426 quandam
1302 2368 1385 2426 prae

263 2471 298 2512 se
326 2455 444 2512 ferunt
470 2455 653 2528 rationem,
684 2455 769 2529 quasi
794 2453 832 2512 ad
858 2471 941 2512 usum
968 2453 1177 2529 discipulorum
1200 2454 1385 2529 compositae.

263 2555 406 2626 Quoniam
433 2560 528 2614 autem
551 2557 621 2616 satis
644 2560 757 2616 constat
778 2557 884 2615 multos
907 2557 1053 2615 Romanos
1075 2555 1217 2615 Antiochi
1239 2554 1386 2614 auditores

263 2659 351 2718 fuisse
378 2664 407 2718 et
433 2659 592 2718 secundum
614 2660 810 2719 testimonium
833 2658 869 2717 dc
892 2662 950 2717 nat.
967 2657 1044 2717 deor.
1060 2659 1074 2716 1
1092 2659 1129 2715 16
1155 2659 1226 2716 liber
1243 2655 1387 2716 Antiochi

262 2764 368 2832 bostri,
397 2764 447 2835 qui
469 2763 506 2820 ob
529 2780 561 2821 co
583 2779 678 2836 cuper
700 2763 740 2820 cd
761 2762 838 2820 huuc
858 2761 990 2820 Balbum
1010 2762 1117 2819 missus
1140 2765 1194 2830 est,
1216 2760 1312 2817 Balbo
1336 2759 1385 2817 de·

262 2864 376 2923 dicatus
397 2864 485 2924 fuerit
506 2866 582 2924 liber
604 2865 640 2923 ab
657 2864 805 2923 Antiocho
828 2862 929 2940 ipsc,²)
950 2882 1009 2922 non
1030 2864 1133 2938 procul
1148 2863 1232 2921 abest
1251 2861 1385 2936 suspicio,

263 2985 361 3025 eorum
384 2967 564 3043 potissimum
587 2984 675 3026 causa
696 2966 749 3024 has
773 2965 984 3042 disputationes
1008 2965 1187 3040 conscriptas
1207 2965 1293 3023 etsie
1309 2981 1385 3022 com·

263 3068 371 3143 positas
401 3086 473 3129 esse.
517 3070 609 3127 Erant
637 3071 775 3144 tauquam
806 3069 952 3127 orationes
983 3085 1081 3127 coram
1112 3066 1234 3142 dispulis
1259 3065 1385 3138 habitae,

262 3175 321 3228 tum
345 3171 451 3230 litteris
473 3171 628 3230 mandatae
651 3172 731 3230 etin
753 3172 860 3246 vulgus
883 3169 978 3229 editae
1001 3168 1050 3244 (cf.
1073 3171 1145 3229 acl
1167 3171 1183 3241 ἓ
1202 3168 1264 3244 14),
1291 3168 1385 3226 minus

264 3376 291 3425 et
303 3373 379 3441 quod
391 3373 516 3440 spinosas
528 3371 750 3442 philosophorum
763 3371 1010 3440 argumentationes
1023 3371 1119 3425 oderat
1128 3374 1174 3423 aut
1183 3368 1386 3433 contemnebat;

263 3458 399 3527 voluptati
408 3473 474 3514 vero
484 3459 586 3513 oratori
595 3461 660 3527 erat,
670 3458 746 3526 quod
754 3457 975 3513 stomachabatur
983 3453 1235 3522 Antiochus3simul
1245 3453 1316 3524 ἕξω
1325 3469 1385 3522 sqq.

263 3543 424 3598 brevissime
442 3543 587 3599 conclusae
606 3548 682 3597 erant
699 3543 927 3598 Academicorum
945 3541 1104 3596 sententiae.

350 3630 370 3698 ¹)
389 3631 450 3685 Non
474 3629 531 3684 veri
554 3628 693 3683 simileid
716 3644 777 3684 osse
799 3628 864 3682 inde
887 3644 977 3696 sumo,
1002 3625 1088 3695 quod,
1113 3641 1183 3694 quae
1207 3641 1241 3681 eo
1259 3626 1322 3680 loeo
1341 3640 1387 3680 ex·

263 3714 405 3782 plicantur,
422 3715 450 3769 in
468 3715 538 3770 libro
556 3715 643 3784 primo
662 3719 737 3768 erant
754 3713 903 3778 tractanda,
920 3718 948 3766 et
966 3711 1049 3781 quod,
1067 3728 1128 3765 oum
1147 3711 1212 3766 satis
1230 3711 1387 3766 conficiatur

264 3800 387 3868 quaestio
414 3805 542 3870 suscepta
568 3801 638 3854 intra
663 3800 732 3853 hanc
759 3799 985 3870 disputationem,
1013 3797 1061 3853 vix
1085 3796 1216 3852 credibile
1240 3801 1283 3851 est
1306 3797 1386 3851 alium

264 3886 445 3940 antecessisse
469 3892 516 3940 aut
539 3887 691 3941 insecutum
716 3900 776 3939 esse
801 3883 836 3938 dc
861 3883 956 3938 eadem
978 3899 1008 3937 re
1030 3882 1141 3949 librnm;
1165 3887 1305 3951 postremo
1323 3882 1387 3937 sub·

264 3970 444 4040 tilionacum,
464 3987 535 4040 quae
553 3972 655 4027 Sextus
672 3970 747 4025 illinc
764 3969 856 4039 tradit,
875 3975 902 4024 et
919 3977 1025 4023 remota
1042 3970 1076 4024 ab
1095 3969 1167 4022 omni
1185 3969 1290 4023 ratione
1308 3967 1387 4022 huius

264 4057 392 4111 orationis
419 4057 487 4111 satis
513 4058 642 4126 vulgaris.
686 4056 769 4111 Plane
795 4059 885 4111 autem
912 4055 1053 4109 diiudicari
1079 4054 1149 4109 haec
1172 4070 1216 4110 rcs
1242 4055 1306 4109 ideo
1332 4069 1386 4106 non

263 4145 364 4210 potest,
383 4141 458 4210 quod
475 4146 580 4210 partem
599 4158 665 4211 eam,
687 4155 742 4210 qua
760 4132 904 4208 αἰσθήσεις
922 4139 1064 4208 expositae
1083 4143 1170 4208 orant,
1190 4140 1284 4194 Cicero
1302 4137 1330 4206 (ὅ
1343 4138 1386 4206 30)

263 4225 427 4281 brevissime
445 4228 589 4297 excerpsit.

348 4312 370 4384 ²)
389 4311 559 4369 Schoemann
577 4313 613 4370 ad
629 4312 655 4369 h.
668 4312 685 4368 l.
