3120 4972
1299 537 1337 594 31

218 728 296 771 nnnc
328 729 364 770 ne
397 708 427 770 id
459 709 576 786 quidem
608 710 864 786 praetermiserim,
901 710 931 768 in
964 708 1037 786 §39
1071 709 1162 770 verba
1195 709 1339 786 quaedam

218 813 314 872 videri
344 814 488 889 respicere
522 813 560 872 ad
589 815 705 887 singula
735 814 853 872 nomina
882 815 962 888 prius
992 816 1130 888 usrrrpata
1159 816 1187 871 et
1215 812 1340 872 fortasse

219 915 365 974 etiamad
388 914 527 990 quasdam
550 919 660 990 partes,
690 915 874 973 notnntnrios
897 915 962 973 dico
984 919 1081 973 neotns
1104 916 1281 979 antenorem,
1311 919 1341 971 et

219 1021 332 1092 postea:
370 1020 421 1090 qen*
455 1020 629 1076 necessitate
663 1021 760 1076 moins
797 1019 963 1076 nnincornrn
998 1018 1136 1075 liberatos
1167 1018 1272 1075 ootnnt
1302 1015 1339 1073 ad

218 1119 251 1196 §t
267 1121 401 1192 23-25,
425 1121 463 1178 ad
485 1120 518 1196 ἕξ
536 1122 575 1179 28
588 1138 664 1194 sqq.:
692 1122 744 1192 qni
765 1124 914 1178 censerent
935 1121 1034 1178 ennio
1055 1121 1100 1177 ito
1121 1120 1187 1191 foto
1209 1119 1285 1192 (tert,
1306 1122 1342 1175 nt

217 1222 250 1279 e'd
276 1222 376 1295 fntnnc
400 1225 459 1280 nino
484 1224 668 1281 necessitatis
695 1222 819 1293 offerret.
864 1223 944 1281 Idem
967 1221 1084 1280 tandem
1107 1239 1194 1296 quam
1217 1222 1340 1279 maxime
1365 1225 1368 1231 '

217 1324 333 1383 videtur
362 1324 527 1383 confirmari
552 1341 697 1384 consensu
723 1326 870 1383 nominum
894 1329 923 1384 et
944 1328 1179 1399 argumentorum
1201 1324 1251 1400 §9
1275 1341 1340 1381 cum

217 1426 251 1503 o
267 1426 305 1484 41
320 1444 383 1502 su.

304 1528 360 1599 Qui
392 1547 462 1588 vcro
495 1530 604 1589 factum
634 1531 683 1601 sit,
716 1533 747 1587 ut
776 1530 806 1587 in
836 1530 984 1604 prooemio
1008 1529 1110 1588 Cicero
1140 1528 1223 1588 huius
1250 1528 1340 1603 partis

218 1633 392 1690 mentionem
408 1650 467 1690 non
482 1632 601 1704 taceret,
625 1634 789 1707 complures
805 1632 928 1705 cogitari
942 1635 1063 1707 possunt
1078 1648 1196 1689 censae:
1219 1647 1340 1704 quarum

218 1750 276 1789 nna
298 1735 342 1790 est
363 1750 436 1805 eum,
459 1751 523 1791 cum
545 1733 621 1791 illud
644 1734 848 1799 conscriberet,
871 1733 901 1791 in
920 1732 1000 1791 fonte
1015 1730 1196 1808 perlegendo
1211 1731 1340 1789 noudum

218 1852 311 1909 usqne
348 1852 382 1893 eo
418 1853 602 1910 progressum
637 1835 738 1894 tuisse:
774 1836 953 1910 prooemium
985 1834 1125 1893 videlicet
1161 1838 1228 1892 ante
1264 1833 1340 1893 hanc

218 1941 331 2011 partem
355 1938 542 2010 compositam
565 1941 714 1996 exaratum
737 1954 801 1996 esse
823 1938 890 1996 inde
913 1955 1006 2009 sumo,
1030 1935 1109 2011 quod
1130 1940 1191 1995 tum
1213 1935 1341 1994 nondum

218 2038 330 2096 sciebat
363 2056 393 2096 se
427 2040 625 2112 quaestionem
657 2035 732 2120 περὶ
764 2037 920 2100 δυνατῶν
950 2042 1018 2097 ante
1050 2039 1276 2110 enuntiationes,
1309 2041 1342 2096 ut

219 2140 289 2199 dicit
310 2141 381 2216 ipse,
404 2159 467 2201 esse
488 2144 686 2200 tractaturum.
719 2142 781 2199 Aut
797 2141 907 2215 Cicero,
930 2159 994 2200 cum
1016 2145 1115 2217 partes
1138 2140 1341 2215 disputationis

219 2247 413 2316 enumeraret,
443 2261 492 2302 eas
521 2247 633 2302 tantum
659 2247 738 2301 ratus
762 2248 806 2301 eet
826 2245 925 2318 partes
948 2261 1023 2316 esse,
1054 2260 1129 2316 quae
1152 2261 1169 2299 a
1190 2244 1340 2318 proposito

219 2345 421 2404 exordirentur
454 2344 481 2420 (ξ
497 2344 541 2417 4);
576 2361 681 2419 nempe
714 2345 913 2418 quaestionem
945 2340 1021 2424 περὶ
1056 2341 1226 2416 δυνατῶν,
1260 2345 1341 2401 cuius

218 2448 330 2504 initium
360 2446 485 2520 quodam
514 2445 600 2504 modo
631 2445 663 2504 fit
691 2447 839 2522 proposito
866 2445 894 2522 (ᾗ
913 2445 976 2521 13),
1006 2449 1037 2504 ut
1059 2450 1171 2521 partem
1193 2446 1341 2521 propriam

221 2552 366 2619 numerat3
388 2552 488 2607 nostra
509 2566 579 2606 vero
602 2551 683 2607 caret
705 2548 847 2606 eiusmodi
869 2549 1027 2623 proposito.

304 2652 459 2725 Utcunque
488 2654 582 2709 autem
611 2649 685 2710 haee
714 2668 761 2709 res
784 2668 814 2709 se
836 2649 938 2723 babet,
968 2654 1046 2709 certe
1069 2668 1169 2709 omnes
1192 2668 1244 2709 eae
1267 2648 1341 2708 difli-

219 2754 343 2812 cultates
376 2752 494 2812 facilius
523 2756 646 2829 possunt
675 2753 742 2812 tolli
772 2770 859 2827 quam
892 2752 1015 2813 concedi
1047 2753 1143 2828 ipsum
1171 2752 1341 2812 Ciceronem

218 2854 295 2914 hanc
321 2859 434 2931 partem
462 2855 580 2914 aliunde
606 2856 809 2930 assumpsisse:
836 2873 904 2913 nam
932 2858 966 2914 et
991 2855 1132 2913 ratione
1158 2871 1340 2928 argumen-

218 2958 320 3016 tandi
360 2961 393 3017 et
429 2958 532 3017 rebus
570 2959 696 3034 optime
733 2975 806 3017 cum
843 2957 1136 3017 antecedentibus
1173 2957 1340 3030 concinit,

218 3064 306 3133 atque
329 3060 354 3118 si
375 3078 435 3118 non
457 3078 494 3118 ex
516 3059 619 3119 eodem
640 3061 715 3119 libro
735 3063 812 3119 esset
826 3063 948 3135 sumpta,
971 3076 1090 3118 necesse
1106 3062 1184 3118 esset
1199 3059 1341 3130 conicere,

218 3162 248 3218 in
281 3163 374 3220 altero
406 3163 461 3220 illo
493 3163 569 3221 libro
602 3163 719 3221 omnino
751 3163 823 3220 talia
854 3165 940 3221 antea
970 3178 1034 3220 esse
1064 3161 1208 3236 exposita,
1241 3161 1341 3234 qualia

218 3263 350 3338 partibus
379 3264 484 3322 nostris
514 3264 657 3338 prioribus
688 3263 881 3338 disseruntur,
911 3263 1048 3338 quoniam
1070 3264 1156 3321 aliter
1176 3261 1250 3321 haec
1272 3279 1341 3337 pars

219 3381 278 3422 non
299 3368 396 3439 potest
415 3365 557 3439 intellegi.

302 3467 401 3541 Atque
425 3465 465 3525 de
487 3468 624 3526 ratione
647 3468 764 3542 quidem
779 3467 1046 3543 argumentandi
1061 3465 1091 3524 id
1106 3465 1196 3526 facile
1211 3466 1340 3525 animad-

218 3570 352 3642 vertitur,
382 3565 418 3648 ἐξ
434 3568 472 3626 41
487 3586 549 3645 sqq.
579 3570 615 3628 ab
638 3570 784 3630 Antiocho
807 3570 963 3645 Chrysippi
993 3569 1196 3629 conclusiones
1222 3587 1340 3645 prorsus

218 3671 320 3731 eodem
348 3671 434 3731 modo
466 3672 620 3747 explanari
650 3677 679 3731 et
708 3673 854 3732 recenseri
881 3676 910 3732 et
931 3672 1013 3746 inde,
1043 3690 1119 3747 qnae
1140 3674 1205 3748 ipae
1226 3674 1340 3745 sentiat,

218 3773 285 3832 duci
318 3777 405 3848 atque
435 3770 471 3853 ξς
489 3774 528 3830 17
543 3792 595 3850 sq,
626 3775 665 3832 23
681 3792 733 3849 sq,
763 3775 801 3833 31
819 3791 889 3849 sqq,
918 3775 1043 3833 maxime
1072 3792 1143 3833 vero
1176 3776 1341 3833 consimiles

218 3893 282 3934 esse
304 3876 337 3953 ἓξ
355 3877 393 3934 13
415 3880 445 3935 et
469 3876 507 3934 14
530 3880 619 3952 atque
640 3877 674 3954 ἧς
689 3877 730 3935 44
750 3881 779 3936 et
794 3877 843 3951 45,
866 3878 936 3952 quin
958 3879 1045 3936 etiam
1068 3878 1233 3936 universam
1255 3893 1340 3951 argu-

218 3980 425 4037 mentationum
448 3981 685 4055 compositionem
708 3981 872 4041 concinere.

302 4080 352 4139 Ad
388 4083 640 4142 sententiarum
676 4086 772 4142 antem
810 4099 1015 4142 consensum
1051 4081 1234 4158 probandum
1267 4098 1338 4138 non·

217 4184 315 4241 nullos
353 4199 390 4240 ex
422 4183 455 4260 ἐς
476 4183 603 4242 39-45
637 4187 719 4244 locos
752 4185 923 4244 exscribam.
967 4186 1003 4242 In
1035 4184 1108 4256 §40
1142 4184 1338 4253 conclusione,

216 4283 340 4343 fortasse
362 4285 535 4359 Carneadis,
564 4288 659 4344 relata
690 4286 805 4345 dicitnr:
837 4288 922 4362 Qnod
948 4304 1013 4345 cnn
1034 4288 1172 4345 ottiosnnc
1193 4287 1248 4357 sit,
1267 4301 1339 4358 pro-

218 4387 354 4446 boln’te'ter
375 4388 510 4447 conetnde'
524 4392 639 4462 nntcnt
658 4406 719 4447 non
741 4392 841 4448 ornne'o
861 4390 928 4463 fcto
950 4389 1022 4462 fieri,
1046 4404 1234 4462 qnoecnnqne
1254 4387 1338 4458 finnt.

217 4490 352 4567 Pergitur
385 4491 455 4550 ilico
484 4489 513 4568 tt
533 4490 598 4570 4l):
635 4487 813 4568 Obmsqenns
842 4497 952 4564 entem,
988 4509 1053 4550 cnn
1082 4495 1111 4549 et
1137 4491 1340 4549 necessitatem
