3144 4980
308 388 326 444 6

393 555 543 616 Ciceronis
573 553 609 614 de
639 553 699 613 fato
729 555 902 629 opusculum
924 554 956 611 in
978 552 1128 612 codicibus
1150 570 1264 629 semper
1285 571 1345 612 una
1366 570 1433 613 cum

307 657 391 717 libris
417 655 454 715 dc
476 660 581 715 natura
604 655 774 715 deorumst
797 653 834 714 dc
857 655 1036 713 divinatione
1059 655 1191 714 traditur.
1234 656 1299 715 Hoc
1320 672 1433 714 summo

308 760 371 818 iure
392 757 435 817 fit:
462 777 529 817 nam
551 762 581 817 et
603 757 705 817 eodem
728 775 805 815 anno
828 760 908 815 certe
931 775 988 831 quo
1010 757 1079 816 libri
1101 757 1138 816 de
1161 757 1341 817 divinatione
1363 775 1433 816 con-

308 861 446 936 scriptum
478 863 565 935 atque
599 859 707 918 editum
740 863 784 917 est
817 862 846 917 et
877 876 942 917 cum
972 858 1031 917 illis
1061 859 1189 917 maxima
1217 860 1261 917 rei
1289 862 1433 947 tractatae

308 961 497 1022 similitudine
520 962 713 1021 coniunctum.

392 1064 491 1139 Atque
523 1063 559 1122 de
588 1066 719 1138 tempore
749 1061 867 1137 quidem
896 1080 953 1137 quo
983 1062 1124 1137 prodierit
1153 1080 1190 1122 ex
1216 1060 1269 1143 §2
1292 1064 1434 1140 prooemii

309 1165 445 1225 discimus
475 1167 625 1240 aliquanto
653 1169 722 1241 post
750 1166 896 1224 interitum
919 1163 1052 1224 Caesaris
1081 1165 1189 1223 librum
1210 1169 1340 1224 nostrum
1363 1183 1432 1225 oon-

310 1270 446 1344 scriptnm
476 1273 505 1327 et
534 1269 684 1343 vulgatum
712 1285 788 1341 osse,
817 1267 905 1342 idque
927 1284 987 1325 non
1009 1269 1100 1326 multo
1123 1271 1191 1343 post
1211 1267 1281 1327 Idus
1303 1268 1433 1342 Martias,

310 1371 447 1445 quoniam
468 1371 499 1427 in
521 1366 574 1449 §2
598 1368 699 1428 eodem
723 1367 784 1427 iere
806 1368 892 1427 modo
915 1373 1003 1442 atquc
1025 1369 1055 1426 in
1078 1367 1114 1427 de
1137 1368 1297 1446 div.11§7
1322 1367 1359 1427 dc
1378 1370 1432 1429 illo

310 1489 380 1531 casu
402 1475 433 1530 ut
455 1471 491 1530 dc
514 1490 591 1530 nova
612 1489 644 1530 re
667 1471 779 1544 dicitur,
802 1471 926 1529 manime
949 1488 1018 1529 vcro
1042 1469 1119 1545 quod
1141 1472 1265 1530 libellus
1279 1475 1379 1531 noster
1394 1471 1432 1530 ad

310 1574 433 1632 Hirtium
455 1575 580 1649 scriptus
602 1576 646 1632 est
668 1573 750 1649 (§§2
774 1577 803 1631 et
825 1572 869 1647 8);
892 1590 950 1647 quo
973 1573 1049 1630 enim
1073 1573 1196 1631 consilio
1211 1573 1314 1632 ductus
1330 1573 1433 1634 Cicero

309 1676 339 1734 id
361 1675 475 1751 fecerit,
500 1695 536 1734 ex
559 1677 641 1750 epist.
664 1674 701 1733 ad
724 1676 813 1734 Attic.
829 1675 898 1732 XIV
915 1676 955 1732 20
975 1679 1004 1733 et
1024 1676 1062 1732 21
1088 1679 1116 1734 et
1138 1676 1192 1733 XV
1210 1677 1224 1732 1
1240 1694 1303 1751 sqq.
1326 1694 1433 1751 cogno·

310 1777 413 1836 scitur:
446 1778 487 1836 sie
519 1777 658 1835 videlicet
690 1777 835 1834 leomioem
868 1777 909 1834 col
941 1777 1096 1848 optimates
1126 1778 1278 1836 traducere
1299 1779 1436 1851 parebat

310 1879 391 1955 (XIV
407 1880 456 1951 21,
471 1879 512 1953 4).
556 1877 614 1938 Sed
644 1878 870 1936 intercesserunt
895 1879 970 1936 inter
994 1877 1126 1938 Caesaris
1153 1897 1254 1938 necem
1277 1880 1433 1955 libellique

309 1982 401 2039 nostri
430 1979 586 2038 editionem
616 1983 645 2038 et
675 1980 825 2053 colloquia
853 1981 907 2038 illa
936 1980 966 2037 in
989 1981 1151 2039 Puteolano
1179 1980 1269 2056 facta,
1299 1999 1374 2056 quae
1400 2000 1433 2041 re

309 2100 380 2141 vera
402 2083 502 2141 habita
525 2099 595 2155 esse,
618 2083 722 2140 sinon
745 2081 782 2140 do
804 2080 874 2155 fato,
897 2085 1027 2141 atcerte
1051 2082 1086 2141 de
1109 2083 1290 2158 republica,
1313 2101 1350 2143 ex
1365 2102 1433 2145 con·

309 2203 395 2244 seusu
418 2184 469 2260 §2
492 2188 521 2243 et
543 2186 732 2260 epistularum
756 2189 884 2260 apparet,
908 2188 936 2243 et
957 2184 1078 2244 secundi
1101 2185 1138 2244 de
1161 2184 1342 2244 divinatione
1363 2186 1434 2245 libri

309 2284 452 2345 confectio
475 2285 526 2362 (de
549 2286 606 2347 div.
621 2286 651 2344 ll
673 2285 771 2362 §3qu

394 2389 547 2446 Artissime
571 2392 666 2447 autem
690 2391 874 2447 coniunctam
897 2406 960 2447 esse
983 2389 1208 2464 disputationem
1231 2388 1268 2448 de
1289 2388 1352 2448 tato
1368 2407 1434 2448 cum

308 2490 392 2548 libris
422 2491 459 2549 de
488 2491 669 2548 divinatione
692 2489 793 2549 Cicero
823 2492 885 2566 ipse
916 2490 987 2549 dicit
1013 2490 1063 2563 (do
1087 2491 1144 2550 div.
1159 2492 1189 2549 II
1211 2492 1288 2568 §dlz
1399 2492 1435 2552 de

311 2593 492 2652 divinatione
517 2595 643 2668 inpressi
668 2610 769 2652 semies
796 2594 841 2652 bis
870 2595 951 2652 libris
973 2595 1109 2664 screbere3
1139 2595 1255 2667 quibus,
1281 2597 1317 2652 act
1338 2597 1382 2653 est
1401 2596 1435 2653 in

311 2698 422 2765 ocimo,
453 2696 488 2755 de
515 2697 582 2770 suto
612 2699 639 2756 ει·
669 2696 902 2769 adiunxerimus,
933 2698 988 2754 erit
1009 2696 1125 2755 abscede
1146 2698 1221 2755 setis
1242 2697 1358 2770 fuctum
1382 2699 1436 2756 toti

311 2800 378 2857 bute
400 2801 573 2872 quaestioni.
610 2801 688 2873 ldrgo
712 2817 798 2873 quam
818 2799 854 2857 de
870 2798 930 2857 fato
947 2803 1132 2873 suscepturus
1148 2802 1211 2857 erat
1226 2799 1434 2873 quaestionem,

310 2919 346 2959 ea
379 2902 514 2962 Ciceroni
554 2903 638 2975 quasi
676 2920 744 2977 pars
781 2902 934 2960 videbatur
967 2918 1032 2960 esse
1064 2902 1151 2960 totius
1184 2901 1221 2982 de
1254 2901 1434 2962 divinatione

311 3003 524 3081 quaestionisi)
567 3003 643 3075 Quin
673 3005 758 3062 etiam
789 3021 825 3062 ex
853 3003 983 3080 lqlsv
1013 3007 1042 3062 et
1068 3004 1098 3062 Π
1119 3003 1135 3080 ᾗ
1153 3005 1191 3060 19
1221 3004 1292 3062 licet
1320 3021 1435 3063 sumere

311 3105 446 3180 operibus
479 3105 516 3164 ad
549 3105 640 3164 libros
673 3106 709 3164 de
740 3105 919 3164 divinatione
949 3104 1175 3165 conscribendos
1203 3106 1288 3165 lectis
1317 3106 1433 3164 omnino

310 3207 480 3267 Ciceronem
502 3207 659 3267 adductum
682 3225 754 3279 esse,
784 3212 815 3266 ut
839 3208 876 3267 dc
898 3208 958 3266 fato
981 3208 1109 3266 scribere
1131 3208 1285 3266 consilium
1307 3210 1433 3283 caperet.

397 3311 472 3370 Tota
496 3328 564 3370 vero
587 3311 642 3369 illa
664 3311 701 3369 de
717 3311 894 3370 divinatione
909 3311 1040 3385 quaestio
1058 3311 1191 3370 Ciceroni
1207 3328 1294 3385 quam
1309 3310 1434 3369 maximo

311 3429 397 3470 curae
424 3411 521 3487 fuitil:
548 3430 615 3470 nam
644 3430 709 3471 cum
737 3411 864 3470 seeundo
892 3411 929 3471 de
956 3415 1060 3470 natura
1083 3412 1202 3470 deorum
1223 3413 1299 3471 libro
1322 3411 1360 3471 de
1381 3429 1433 3471 suo

396 3581 417 3641 ¹)
436 3577 586 3633 Exordium
610 3578 671 3633 libri
695 3577 792 3646 prioris
815 3582 878 3633 aute
896 3578 962 3633 idus
979 3579 1090 3633 Martius
1107 3579 1236 3647 scriptum
1255 3594 1315 3634 esso
1333 3577 1434 3633 collato

311 3663 424 3718 exordio
448 3662 564 3717 secundi
585 3662 647 3717 libri
670 3663 845 3732 perspicuum
869 3669 922 3732 est;
946 3669 1036 3718 utrum
1058 3664 1071 3717 l
1090 3664 1105 3732 ἓ
1123 3668 1168 3717 119
1190 3668 1289 3732 postea
1306 3662 1434 3718 coniecto

310 3746 379 3802 libro
403 3747 497 3801 addita
520 3763 553 3802 an
575 3753 635 3801 tota
658 3748 794 3817 posterior
815 3748 896 3803 huius
918 3747 978 3802 libri
996 3764 1058 3817 pars
1076 3752 1139 3817 post
1156 3749 1295 3803 interitum
1312 3749 1434 3803 Caesaris

311 3835 371 3886 orta
391 3832 439 3901 sit,
463 3831 613 3886 diiudicare
631 3849 684 3887 nou
703 3848 860 3901 possumus:
885 3848 938 3902 ego
957 3833 1069 3901 quidem
1086 3832 1154 3887 illud
1171 3833 1341 3902 probabilius
1357 3838 1434 3902 puto.

395 3917 418 3986 ²)
436 3916 566 3972 Conteras
583 3917 636 3970 iam
653 3917 698 3970 hic
715 3917 750 3972 de
767 3916 824 3972 fato
844 3917 859 3988 ᾗ
874 3922 913 3972 11.

396 4003 418 4072 ³)
436 4002 512 4066 Quae
535 4018 579 4057 res
602 4018 663 4056 cum
680 4020 730 4072 per
747 4020 778 4058 se
796 4003 1027 4059 accommodatior
1045 4008 1103 4059 erat
1120 4005 1304 4060 Romanorum
1321 4007 1434 4060 naturae

311 4092 339 4142 ct
350 4088 480 4142 institutis
493 4103 574 4157 quam
586 4087 711 4143 subtilior
724 4093 752 4143 et
764 4089 893 4144 remotior
906 4088 940 4143 de
952 4088 1009 4143 fato
1023 4089 1179 4160 disputatio,
1194 4095 1253 4144 tum
1264 4089 1435 4158 temporibus

310 4172 448 4228 Ciceronis
477 4174 693 4242 convenientior,
726 4174 852 4242 quoniam
881 4173 955 4227 inter
980 4175 1056 4243 ipsos
1082 4191 1211 4245 depraves,
1243 4180 1334 4229 utrum
1361 4180 1435 4229 esset

311 4256 441 4311 divinatio
459 4273 554 4325 necue,
571 4275 673 4328 mopca
689 4264 746 4313 tum
764 4258 897 4314 dissecato
910 4264 967 4314 erat
979 4260 1027 4329 (de
1039 4260 1093 4330 leg.
1104 4261 1131 4314 ΙΙ
1144 4260 1159 4330 5
1170 4263 1226 4330 32);
1245 4260 1280 4315 cf.
1290 4260 1434 4329 Wissowa

311 4340 372 4396 Rel.
385 4357 411 4396 ιι.
426 4341 500 4397 Kult.
514 4342 539 4397 d.
553 4343 586 4398 R.
604 4359 667 4414 pag.
681 4349 738 4399 460.
762 4345 860 4414 Itaque
878 4344 1037 4400 Ciceronem
1055 4345 1091 4399 de
1108 4345 1275 4400 divinatione
1291 4344 1435 4415 scripsisse
