3120 4972
222 327 259 386 16

216 493 338 554 Diodori
360 494 477 571 quidem
499 513 552 572 per
574 513 605 555 se
621 497 693 570 sola,
716 496 874 572 Chrysippi
889 495 1024 555 admixtis
1040 498 1192 573 exemplis.
1227 497 1341 557 Deinde

218 596 439 671 demonstratur,
461 598 599 672 quoniam
615 599 784 674 comprobet
799 598 899 657 divina
913 598 1072 674 praedicta,
1094 616 1129 658 eo
1146 598 1340 675 Chrysippum

217 700 292 774 cogi,
314 702 345 758 ut
367 700 541 759 assentiatur
556 699 679 759 Diodori
701 702 869 760 sententiae.
906 702 945 760 Et
966 718 1044 760 nnnc
1065 700 1144 759 idem
1166 703 1342 777 exemplum,

217 800 297 876 quod
322 802 380 860 iam
406 802 451 862 bis
473 802 504 860 in
526 801 542 878 ἕ
562 804 598 859 12
621 803 758 878 legimus,
788 803 912 879 primum
934 804 996 863 sine
1019 807 1100 862 certo
1123 803 1252 875 nomine,
1281 805 1342 861 tum

215 904 301 962 Fabii
322 905 508 979 illustratum,
531 905 837 985 tertiumreperimus,
859 909 947 981 atque
967 907 1010 965 sic
1025 909 1057 964 ut
1072 906 1168 964 statim
1184 906 1342 964 sentiamus

216 1004 264 1065 hic
293 1023 344 1066 suo
374 1009 441 1066 loeo
471 1010 561 1066 stare:
591 1025 696 1082 nempe
726 1007 774 1067 hic
801 1011 913 1066 tantum
942 1025 1000 1083 quo
1022 1010 1134 1084 spectet
1156 1007 1341 1083 perspicuum

217 1110 270 1166 est.
320 1108 360 1167 Ut
390 1109 517 1167 breviter
549 1108 658 1166 dicam:
691 1109 739 1168 hic
769 1109 840 1168 ordo
869 1113 946 1168 totus
976 1110 1047 1168 satis
1077 1111 1193 1184 ineptus
1225 1112 1280 1182 est,
1313 1111 1342 1167 et

216 1210 333 1268 nomina
355 1210 541 1269 divinationis
564 1214 720 1284 ceteraque
740 1211 884 1286 permixta
906 1214 935 1269 et
955 1211 1060 1269 iterata
1075 1213 1212 1287 exempla
1226 1210 1342 1269 eadem·

217 1329 273 1386 que
297 1313 441 1387 exposita,
472 1316 639 1387 antequam,
662 1313 772 1386 inquo
796 1330 883 1372 causa
906 1313 1084 1388 consisteret,
1107 1314 1341 1372 eonst'tneretur:

217 1415 334 1473 minime
364 1432 434 1473 vero
464 1432 581 1491 possum
610 1416 790 1491 perspicere,
820 1415 890 1490 quid
920 1415 1092 1492 disceptatio
1121 1416 1197 1474 inter
1227 1431 1287 1474 esse
1313 1417 1342 1472 st

216 1521 321 1575 nutum
352 1534 412 1576 esse
439 1518 570 1577 instituta
600 1517 638 1576 ad
667 1518 867 1592 quaestionem
896 1521 1025 1577 nostram
1055 1519 1189 1576 attineat:
1218 1516 1255 1576 de
1285 1534 1343 1592 qua

216 1619 362 1694 voluptati
390 1619 478 1678 fnisse
509 1619 645 1678 Ciceroni
674 1619 819 1694 suspicor,
848 1619 984 1695 discipuli
1013 1619 1117 1694 instar,
1147 1636 1222 1694 quae
1252 1619 1342 1695 paulo

218 1724 285 1779 ante
308 1720 485 1794 didicerat,1)
507 1739 656 1795 usurpare.
689 1721 814 1780 Puerilis
838 1725 895 1793 aut,
917 1739 955 1779 ne
974 1722 1104 1780 severius
1119 1719 1342 1796 reprehendam,

218 1823 345 1881 oratoria
374 1825 403 1880 et
426 1841 444 1880 a
465 1821 709 1898 philosophorum
738 1840 818 1881 more
841 1823 939 1881 aliena
961 1824 1047 1881 etiam
1068 1824 1142 1881 ratio
1166 1820 1342 1880 admonendi

217 1927 273 1997 est,
307 1942 365 1998 qua
396 1924 590 2000 Chrysippum
622 1928 654 1982 nt
686 1927 790 1983 caveat
821 1925 991 1999 alloquitur.
1042 1922 1175 1981 Tandem
1203 1923 1234 1980 id
1263 1921 1342 1980 haud

216 2027 397 2085 levissimum
431 2025 535 2085 ducam
567 2027 630 2085 veri
662 2028 830 2101 vestigium,
862 2026 980 2085 remotis
1009 2026 1133 2084 salebris
1162 2027 1224 2084 sine
1254 2025 1284 2082 vi
1313 2026 1342 2082 et

217 2129 327 2187 artibus
356 2131 448 2187 talem
477 2145 530 2187 sua
552 2132 655 2205 sponte
677 2146 829 2188 remanere
851 2130 901 2186 aut
922 2128 1037 2187 renasci
1058 2131 1233 2187 structuram
1255 2143 1341 2202 argu·

218 2230 411 2303 mentationis,
434 2231 530 2304 qualis
553 2229 743 2290 desideratur.

302 2333 355 2390 Est
391 2331 453 2391 scre
489 2331 576 2391 haec:
611 2333 736 2408 primum
769 2333 823 2391 sibi
856 2333 1007 2408 oppositae
1041 2334 1126 2390 erant
1158 2330 1281 2391 Diodori
1313 2332 1341 2388 et

219 2432 376 2509 Chrysippi
397 2434 559 2493 sententiae
582 2434 619 2492 de
642 2445 685 2508 eo,
708 2433 787 2509 quod
808 2432 871 2492 fieri
890 2437 1002 2509 posset3
1024 2433 1181 2509 Chrysippi
1197 2433 1341 2492 sententia

217 2533 279 2593 fieri
308 2538 403 2610 potest
432 2540 464 2594 ut
491 2535 522 2592 in
551 2535 632 2593 fonte
660 2537 750 2612 paulo
780 2536 897 2609 longius
926 2539 976 2593 aut
1004 2536 1063 2593 alio
1093 2535 1178 2594 modo
1209 2536 1342 2610 exposita

217 2635 317 2709 suerit,
347 2637 526 2696 aCioerone
556 2638 677 2712 paulum
697 2636 866 2712 perturbata
888 2638 938 2696 vel
961 2639 1110 2695 contracta
1131 2637 1179 2708 sit,
1210 2635 1240 2692 id
1264 2635 1341 2709 quod

217 2738 292 2797 locis
321 2757 339 2797 a
365 2737 483 2797 Stnevio
514 2758 542 2814 p.
561 2740 599 2796 33
612 2756 675 2813 sqq.
705 2739 822 2797 collatis
831 2739 855 2814 ²)
884 2738 1038 2814 probabile
1067 2737 1111 2813 fit,
1144 2754 1240 2811 neque
1270 2754 1341 2795 vero

217 2839 308 2899 valde
331 2846 476 2917 corrupta,
499 2858 571 2914 cum,
594 2840 665 2914 quid
683 2841 735 2898 ille
751 2839 891 2914 docuerit,
914 2841 1000 2898 etiam
1015 2840 1056 2898 sic
1072 2840 1141 2898 satis
1157 2839 1340 2914 perspicuum

218 2943 262 3000 sit.
307 2941 422 3001 Deinde
444 2943 612 3000 conciliatio
634 2940 713 3000 facta
735 2945 798 3000 erat
819 2942 1000 3000 inimicarum
1023 2943 1229 3000 sententiarum
1249 2940 1341 3014 Chry·

218 3045 294 3120 sippi
330 3044 367 3103 de
404 3045 584 3103 divinatione
622 3043 754 3103 doctrina
787 3043 929 3103 adhibita:
966 3062 1054 3119 quam
1085 3044 1246 3102 insecutum
1279 3046 1342 3101 erat

219 3148 384 3221 exemplum
407 3149 436 3205 et
458 3147 496 3205 ad
518 3147 723 3206 illustrandam
742 3147 823 3206 etad
839 3145 1048 3206 conficiendam
1064 3146 1341 3221 argumentationem

218 3247 398 3324 adiectum.³)
441 3249 519 3308 Vicit
542 3251 686 3308 sententia
707 3249 842 3322 Diodori,
872 3267 941 3325 ergo
965 3250 1029 3307 sola
1052 3248 1189 3323 deinceps
1212 3247 1341 3305 nomina·

219 3349 315 3409 batur:
340 3352 371 3408 in
392 3350 448 3409 hac
470 3351 597 3423 victrice,
620 3369 696 3425 quae
717 3352 909 3425 insequuntm·
930 3349 976 3426 (ἓξ
991 3349 1135 3426 17-20),
1158 3352 1225 3407 snut
1238 3349 1341 3424 posita.

304 3452 424 3512 Constat
454 3453 555 3528 igitur,
586 3470 660 3527 quae
687 3453 758 3529 §17
783 3452 972 3525 antecedunt,
1002 3452 1099 3510 omnia
1128 3452 1274 3527 pertinere
1303 3449 1341 3508 ad

220 3554 434 3612 contentionem
463 3551 540 3635 περὶ
564 3552 730 3616 δυνατῶν.
774 3554 957 3630 Suscepimus
981 3571 1016 3612 ea
1038 3554 1216 3626 examinare,
1245 3556 1277 3611 nt
1298 3553 1341 3610 in-

219 3657 436 3730 tellegeremus,
459 3674 534 3730 qnae
557 3660 635 3715 esset
656 3658 709 3714 illa
731 3657 869 3731 quaestio,
892 3673 980 3731 qnam
994 3657 1079 3714 locus
1094 3651 1170 3733 περὶ
1187 3653 1343 3716 δυνατῶν

219 3758 384 3831 attingeret.
418 3756 501 3815 Nihil
523 3759 694 3816 invenimus.
727 3759 777 3817 An
799 3759 966 3817 universam
989 3757 1025 3816 de
1047 3755 1126 3818 sato?
1156 3757 1224 3816 Sine
1246 3756 1342 3829 dubio,

219 3858 272 3917 sed
287 3859 512 3934 interrogamus:
536 3876 593 3934 qua
608 3861 728 3933 ratione,
749 3878 836 3935 quam
850 3863 963 3936 partem
979 3859 1178 3936 quaestionis?
1199 3858 1342 3935 primam?

223 3976 427 3985 ——.——,

307 4027 327 4093 ¹)
345 4024 457 4078 Tuscul.
470 4024 567 4094 displ
585 4024 619 4094 ἓξ
633 4029 664 4079 12
673 4040 734 4094 sqq.

304 4110 328 4176 ⁹)
348 4110 400 4175 Qui
419 4109 566 4164 Gerchium
585 4110 659 4178 (pag.
672 4110 733 4178 726)
750 4114 862 4164 secutus
880 4115 931 4166 est.

304 4195 326 4262 ³)
345 4195 382 4248 Iit
404 4195 537 4249 rationem
560 4194 630 4248 hano
653 4195 858 4263 argumentandi
881 4199 910 4250 et
931 4195 984 4250 hoc
1006 4196 1160 4266 exemplum
1177 4195 1240 4248 trita
1257 4192 1341 4247 fuisse

220 4293 235 4332 e
254 4293 390 4334 consensu
407 4279 479 4334 Plut.
498 4280 533 4334 de
551 4279 635 4334 Stoio.
647 4294 705 4348 rep.
717 4295 741 4334 c.
753 4283 786 4334 46
804 4281 969 4350 agnoscitur.
