3120 4972
1299 321 1339 382 23

219 489 301 551 fieri
322 487 352 570 (ξ
366 491 426 567 19).
454 491 611 565 Postquam
635 490 711 549 enim
734 493 768 564 ἐξ
786 490 910 549 23-25
934 492 1100 550 animarum
1120 495 1217 552 metas
1238 494 1340 552 nolan-

222 596 313 653 tarias
335 592 504 667 servavit,1)
531 593 578 651 hic
599 594 630 650 in
653 593 735 652 aliud
757 592 872 652 videtur
894 594 1022 652 intentus
1045 611 1108 653 esse
1132 599 1341 669 argumentum.

220 696 369 757 Gonoessit
394 695 587 772 philosophus
612 699 710 755 noster
732 695 778 773 (ἕξ
794 696 898 772 24sq.)
921 714 1015 770 neque
1037 696 1085 755 hic
1107 696 1246 757 infitiatur
1268 696 1342 755 nihil

218 797 280 857 fieri
308 800 369 857 sine
400 800 506 869 causls3
537 800 615 857 ultra
642 798 719 873 quod
745 798 794 857 hic
816 799 1012 874 progreditur,
1043 816 1108 858 cum
1131 800 1342 859 distinctionem

218 899 329 959 inducit
361 901 437 959 inter
468 918 575 960 causas
606 904 742 960 aeternas
771 905 898 960 natarae
926 903 1099 961 necessitate
1126 906 1284 962 manantes
1313 906 1343 962 et

219 1020 326 1063 canses
354 1004 479 1077 fcrtnitc
509 1004 737 1079 anteprassas;²)
768 1003 846 1078 quod
871 1004 948 1062 enim
971 1004 1147 1062 enuntietur:
1177 1005 1344 1064 Descendet

218 1107 251 1163 in
278 1103 474 1165 Academiam
503 1103 682 1175 Carneades,
710 1123 772 1164 non
800 1106 829 1164 id
853 1123 922 1179 ,esse
951 1123 1049 1164 nciam
1079 1108 1205 1165 aeternis
1235 1109 1341 1180 cansiS,

217 1224 271 1265 nee
301 1211 399 1266 tamen
421 1209 484 1267 sine
506 1210 615 1278 cansis,
646 1208 698 1266 sed
721 1209 819 1267 caasis
840 1209 964 1282 fcrtnitc
987 1210 1164 1282 antepressis
1186 1210 1246 1269 niti.
1289 1209 1341 1268 Ita

218 1312 370 1383 utrumque
393 1315 482 1369 stare:
514 1316 547 1369 et
571 1327 704 1384 semper
728 1327 844 1369 ceram
869 1311 1000 1384 fnisse:
1025 1310 1172 1369 Morietur
1192 1311 1341 1385 dliicarns

295 1413 433 1472 archonte
454 1413 632 1487 Pytharato,
658 1431 768 1485 neqae
793 1418 905 1471 tamen
926 1415 1020 1487 faisse
1043 1431 1171 1473 cansas
1192 1415 1340 1488 fatales.

304 1516 349 1573 De
371 1515 456 1590 §20,
486 1517 610 1573 maxime
637 1516 674 1574 de
696 1515 805 1574 verbis:
832 1513 877 1574 At
899 1517 949 1588 qni
970 1516 1162 1574 introducant
1183 1533 1341 1574 cansarum

218 1618 320 1676 scriem
350 1619 567 1689 sempiternam,
596 1620 620 1676 ii
646 1621 772 1675 mentem
794 1617 918 1675 bominis
939 1618 1091 1676 cclnntate
1115 1618 1206 1676 libera
1231 1619 1340 1691 spolia-

221 1725 281 1778 tam
307 1721 479 1778 necessitate
504 1720 565 1793 fati
591 1721 759 1778 devinciant
783 1719 908 1791 haesito,
934 1723 1029 1777 ulrum
1054 1718 1201 1779 Ciceronis
1222 1721 1342 1796 propria

217 1823 276 1880 sint
303 1841 341 1880 an
367 1821 466 1880 fontis:
493 1821 570 1880 illud
597 1840 631 1880 eo
659 1821 729 1879 mihi
755 1821 870 1880 videtur
892 1821 1087 1896 probabilius,
1114 1821 1193 1897 qnod
1215 1823 1341 1880 maxima

218 1941 282 1982 cnm
311 1924 432 1982 levitate
462 1927 596 1983 censetur
625 1922 662 1982 ad
691 1924 842 1982 narbonam
868 1927 979 1982 lantum
1005 1926 1064 1982 cim
1089 1925 1341 1998 interpretandam

218 2026 362 2101 quaedam
376 2027 532 2102 pertinere,
552 2029 581 2084 et
597 2025 674 2100 quod
690 2031 819 2085 extrema
834 2026 925 2084 verba
940 2025 978 2083 ad
993 2026 1157 2085 libertatem
1172 2028 1340 2100 voluntatis,

218 2128 255 2187 de
281 2147 339 2203 qua
365 2128 413 2188 hie
439 2147 497 2187 non
524 2129 632 2203 agitur,
658 2131 854 2186 revertuntur:
884 2146 942 2186 non
969 2129 1073 2203 procul
1095 2129 1177 2186 abest
1198 2130 1340 2205 suspicari

218 2231 387 2290 Ciceronem
417 2249 464 2306 ea,
493 2233 647 2306 postquam
677 2229 753 2288 hanc
782 2233 895 2305 partem
922 2247 958 2288 ex
986 2234 1123 2289 contextu
1149 2231 1273 2305 pristino
1295 2248 1339 2289 re-

218 2335 318 2399 solvit,
347 2332 538 2408 addidisse,³)
564 2336 596 2390 nt
622 2332 840 2391 conclusionem
867 2349 903 2390 ea
926 2349 993 2407 pars
1015 2330 1137 2390 haberet
1159 2333 1339 2392 consimilem

217 2437 328 2511 primae
361 2432 392 2514 (ἓ
411 2435 461 2510 ll)
494 2439 523 2494 et
554 2434 658 2493 tertiae
691 2434 720 2511 (ᾗ
737 2433 797 2510 38).
846 2433 991 2507 Tandem,
1025 2451 1100 2509 quae
1132 2435 1163 2492 in
1197 2436 1269 2506 §28
1296 2434 1338 2492 in-

218 2543 377 2613 sequuntur
409 2542 438 2597 et
468 2537 525 2596 huc
555 2536 739 2596 annectenda
766 2540 845 2609 sunt,
878 2537 986 2613 optime
1016 2536 1054 2595 ad
1084 2535 1155 2612 §19
1187 2536 1339 2612 quadrant,

218 2658 292 2716 quae
319 2659 415 2699 rerum
441 2641 563 2699 conexio
589 2641 620 2697 in
646 2640 746 2715 primis
768 2640 822 2696 illa
844 2639 1004 2714 posteriore
1026 2637 1098 2714 §20
1120 2639 1267 2714 particula
1288 2639 1338 2696 im·

217 2742 340 2819 peditur.
388 2743 544 2801 Praeterea
570 2741 645 2799 nihil
672 2741 740 2799 novi
766 2741 897 2799 afferunt.
940 2741 993 2798 His
1020 2741 1113 2799 causis
1141 2738 1281 2813 adducor,
1307 2743 1339 2799 ut

216 2847 247 2903 in
268 2843 349 2904 fonte
371 2844 386 2921 ᾗ
405 2846 443 2902 19
466 2844 535 2902 ilico
558 2843 631 2920 §28
653 2842 826 2902 successisse
849 2843 979 2901 arbitrer.

301 2948 377 3006 Nam
407 2946 486 3022 quod
512 2946 647 3005 Stuevius
676 2947 710 3017 ἐξ
727 2946 850 3002 28-31
882 2945 1019 3019 ignavam
1050 2945 1170 3003 tractari
1198 2944 1338 3003 rationem

218 3066 340 3123 eamque
370 3052 482 3124 partem
509 3048 628 3106 aliunde
653 3052 685 3106 ut
712 3047 840 3104 alienum
867 3047 1025 3105 membrum
1052 3065 1070 3104 a
1096 3047 1235 3106 Cicerone
1262 3047 1340 3105 intra

217 3150 305 3209 fontis
335 3153 500 3208 contextum
529 3150 668 3208 insertam
698 3166 761 3208 esse
791 3152 874 3223 putat
902 3150 941 3223 (p.
958 3149 1050 3222 8sqq.
1078 3153 1106 3206 et
1130 3149 1193 3223 12),
1222 3149 1338 3207 minime

218 3252 382 3326 comprobo.
425 3251 516 3310 Immo
545 3255 573 3309 et
599 3251 771 3324 gravissima
796 3250 895 3307 insunt
917 3250 1014 3324 signa,
1044 3249 1148 3324 quibus
1169 3248 1339 3325 philosophi

217 3355 310 3413 nostri
341 3355 415 3414 ratio
449 3356 620 3426 ostentetur,
654 3355 683 3410 et
716 3369 781 3410 cum
814 3351 951 3409 universa
980 3351 1149 3424 quaestione
1178 3350 1226 3409 hic
1254 3351 1338 3409 locus

217 3457 359 3516 artissime
388 3460 431 3516 est
460 3455 639 3515 coniunctus.
690 3455 766 3513 Tale
798 3454 911 3529 signum
940 3452 1071 3528 inprimis
1100 3451 1176 3528 §29
1207 3452 1339 3510 existimo

303 3609 324 3669 1)
343 3606 460 3659 Primum
478 3604 507 3657 id
526 3602 730 3672 demonstravit,
749 3602 943 3657 convenienter
960 3618 1022 3656 cum
1033 3604 1111 3669 parte
1122 3600 1207 3656 totius
1220 3600 1340 3670 disputa·

217 3690 299 3744 tionis
316 3692 409 3759 prima.

302 3777 325 3843 ²)
339 3774 438 3830 Refert
449 3780 577 3830 annotare
589 3774 729 3843 complura
740 3788 756 3827 a
767 3772 930 3842 philosopho
943 3772 1067 3841 usurpari
1078 3772 1187 3826 nomina
1199 3786 1340 3826 cansarum

217 3865 393 3928 aeternarum,
412 3865 543 3914 vocantur
560 3862 676 3913 catinae
687 3859 850 3912 'necessitate
868 3860 1009 3911 manantes
1021 3862 1069 3911 aut
1080 3873 1178 3910 caasae
1189 3855 1339 3911 cohibentes

217 3945 249 3999 in
266 3960 293 3998 se
311 3944 488 4014 efficientiam
505 3944 669 4012 natueraiem,
695 3944 775 3998 etiam
796 3959 893 3997 canisae
910 3942 1020 4012 fatalem
1045 3957 1095 4010 pro
1114 3941 1204 3996 cansis
1221 3941 1339 4010 forticito

217 4030 381 4101 antepressis
402 4034 500 4098 postea
521 4029 620 4083 dicitur
641 4029 744 4098 aliquid
766 4028 835 4082 serie
856 4027 972 4095 certa(l)
992 4042 1136 4081 cansarum
1154 4026 1196 4081 ita
1213 4041 1339 4080 cesaream

216 4117 310 4187 faisse,
329 4118 360 4170 nt
377 4113 515 4183 ceciderit;
533 4114 606 4168 unde
623 4114 806 4183 cognoscitur,
825 4117 941 4182 quantae
959 4127 1040 4168 curae
1058 4112 1083 4168 ei
1095 4113 1162 4167 haec
1174 4112 1338 4181 disceptatio

216 4203 324 4356 sumti)
343 4286 424 4351 Quod
442 4284 553 4340 dicitur:
571 4298 716 4339 camaram
733 4283 829 4339 seriem
845 4282 1046 4354 sempiternam,
1063 4299 1090 4338 v.
1109 4281 1338 4368 dedic.1§125.
