3120 4972
217 313 258 376 sl

217 490 328 561 offerre,
350 489 446 547 locum
469 486 543 561 dico,
565 486 615 546 ubi
637 484 674 545 dc
697 487 870 545 aeternitate
892 502 1050 544 caesaraea
1071 485 1174 561 agitur.
1210 484 1338 545 Dubium

217 609 276 650 non
304 594 400 667 potest
430 607 505 664 csse,
537 589 607 665 quin
635 587 684 647 hic
709 590 798 664 plane
820 587 922 647 eadem
945 586 995 646 fiat
1017 587 1163 647 distinctio
1187 606 1338 647 causarum

218 697 305 768 atquc
334 693 365 749 in
394 691 479 768 619,
510 692 670 765 cademque
700 691 786 749 etiam
815 690 846 749 in
874 689 907 766 ἓξ
924 691 963 747 32
991 693 1020 749 et
1047 691 1086 748 33
1117 693 1203 764 atque
1232 692 1280 763 37,
1311 693 1340 749 et

218 796 288 871 quin
327 794 395 853 huic
434 794 546 852 notioni
586 794 770 852 aeternitatis
808 791 887 850 idem
926 791 1111 851 atttribuatur
1145 791 1260 868 pondus
1294 792 1339 851 his

217 897 290 956 locis
323 895 463 955 omnibus.
513 896 582 954 Non
610 898 719 954 temere
748 895 779 952 in
808 896 879 966 §29
910 895 1075 953 immutatur
1103 895 1195 968 notio,
1228 894 1280 953 sed
1309 894 1338 953 id

218 999 416 1072 contenditur,
448 1015 516 1057 non
547 1001 669 1057 contra
696 1015 819 1056 nomen
849 996 915 1056 fati
944 996 1004 1056 sed
1034 1000 1156 1056 contra
1185 998 1339 1056 aeterni-

218 1104 323 1160 tatem
356 1118 537 1160 causarum
567 1100 724 1175 pugnari.
772 1100 817 1158 Dc
848 1102 1018 1173 argumento
1047 1099 1146 1173 igitur,
1176 1099 1254 1174 quod
1284 1099 1340 1160 hoc
1385 1096 1387 1098 ’

217 1206 285 1263 loco
318 1205 470 1275 tractetur,
502 1202 638 1262 Stucvius
671 1202 825 1274 errarit1):
861 1218 957 1276 neque
991 1201 1066 1259 enim
1099 1206 1215 1276 practer
1246 1202 1340 1278 prima

219 1305 308 1365 verba
341 1305 495 1380 quicquam
528 1304 566 1362 ad
599 1305 739 1378 ipaacara
768 1306 838 1379 puto
867 1305 1011 1362 ratioaera
1040 1304 1195 1379 pertinere.
1245 1304 1340 1378 Magis

219 1407 393 1468 conectendi
415 1410 443 1466 et
464 1406 670 1483 praetereundi
693 1423 781 1465 causa
801 1407 857 1463 illa
878 1405 994 1464 videtur
1009 1407 1235 1465 commemorari.
1263 1407 1341 1465 Nam

218 1528 293 1587 quac
320 1508 398 1586 apud
420 1509 590 1569 Ciceronem
617 1509 727 1585 scripta
752 1511 830 1566 sunt:
859 1509 1028 1581 appellatae
1053 1510 1130 1567 caiae
1157 1510 1340 1582 quiriacae

211 1612 440 1686 pbilosophis
463 1644 503 1653 —
526 1609 718 1685 quibusnam?
740 1628 838 1668 nonne
860 1608 1029 1684 Epicureis?
1048 1642 1086 1651 -
1110 1596 1208 1689 ἀργὸς
1232 1603 1341 1689 λόγος,

219 1717 274 1774 eai
302 1716 334 1773 si
355 1730 559 1787 pareamus,
586 1713 663 1771 aiiii
690 1714 807 1770 amatae
831 1729 955 1786 aperias
978 1713 1010 1770 ia
1031 1714 1106 1779 cita,
1133 1711 1341 1788 ineptissimam

217 1817 308 1893 ipsius
345 1816 562 1875 annotationem
599 1832 662 1873 csse
699 1813 883 1873 manifestum
920 1819 977 1886 est;
1013 1831 1072 1872 non
1108 1814 1256 1872 intellexit
1288 1832 1341 1890 per

218 1918 376 1977 ludibrium
408 1918 513 1976 nomen
543 1933 606 1975 esse
635 1916 766 1974 inditum.
816 1915 948 1974 Eundem
978 1916 1008 1973 in
1038 1916 1109 1988 §29
1140 1916 1340 1975 intromisisse:

218 2022 324 2080 Recte
363 2038 472 2095 araas
513 2020 575 2078 leae
615 2021 916 2093 iaterropatioais
955 2021 1095 2092 iaaaaaae
1137 2023 1224 2091 atque
1263 2021 1341 2078 iaers

217 2125 403 2183 aomiaataae
430 2127 484 2192 est,
512 2123 591 2196 qaod
616 2123 734 2181 eadere
759 2124 899 2180 ratioae
927 2124 1038 2180 oriris
1066 2138 1080 2179 e
1105 2123 1180 2179 cita
1204 2122 1343 2180 totlitur

220 2229 325 2297 aetio,
357 2226 419 2284 veri
448 2226 588 2284 simillum
617 2224 649 2282 fit
679 2228 707 2283 et
730 2242 872 2283 consensu
894 2242 959 2283 cum
980 2225 1046 2283 loco
1070 2224 1155 2282 modo
1178 2225 1342 2300 vituperato

219 2331 248 2387 et
277 2328 474 2404 discrepantia
500 2345 517 2385 a
539 2330 555 2398 ξ
573 2328 624 2384 31:
654 2345 708 2386 aec
728 2328 824 2385 attala
846 2327 1004 2386 aetlribebat
1025 2327 1217 2396 eatamaiara,
1247 2330 1276 2386 et
1299 2344 1341 2399 eo,

219 2429 297 2507 quod
321 2447 363 2488 ac.
378 2430 407 2487 ll
429 2429 445 2505 ξ
462 2430 500 2487 39
524 2430 636 2487 collata
658 2429 799 2487 credibile
819 2432 862 2487 est
878 2429 1047 2489 Ciceronem
1061 2430 1156 2504 ipsum
1172 2448 1187 2488 c
1203 2430 1341 2488 memoria

218 2532 291 2589 talia
313 2530 472 2605 adiungere
494 2531 630 2605 potuisse.
673 2532 707 2588 lu
729 2529 809 2589 fonte
832 2531 927 2605 igitur,
952 2531 1079 2605 quaein
1102 2531 1174 2607 §28
1196 2532 1342 2605 leguntur,

217 2634 259 2692 ita
281 2633 342 2692 fere
365 2637 469 2709 coepta
491 2636 585 2692 erant:
609 2619 691 2693 οὗθ’
705 2627 789 2716 ἡμᾶς
812 2627 955 2694 κωλύσει
977 2627 1104 2705 ἐκεῖνος
1127 2627 1145 2694 ὁ
1164 2627 1342 2713 λεγόμενος

219 2722 320 2815 ἀργὸς
356 2730 465 2816 λόγος.
519 2724 683 2814 Ἐρωτῶσι
721 2728 783 2816 γὰρ
817 2730 960 2797 οὑτωσί·
996 2731 1023 2797 εἰ
1058 2730 1254 2816 εἱμαρμένον
1289 2733 1342 2798 ool

219 2832 288 2898 ἐστι
312 2883 364 2897 ...
387 2842 415 2897 ct
436 2839 467 2895 in
489 2837 566 2896 hanc
589 2837 739 2912 pem'odum
761 2839 858 2896 statim
881 2842 943 2896 erat
965 2839 1138 2897 insecutum:
1164 2825 1341 2918 Ἑνὸέχεται

219 2934 332 2999 δὲκαὶ
354 2931 565 3017 μεταλλάξαι,
588 2929 674 2999 ὥστε
698 2985 753 3000 ...

302 3043 418 3100 Nomen
432 3042 520 3116 igitur
534 3043 668 3116 iaaacae,
688 3058 762 3115 quae
778 3041 937 3114 dicebatur,
952 3043 1079 3101 rationis
1094 3047 1342 3117 commemoratur,

218 3143 296 3218 qnod
316 3161 350 3204 eo
366 3144 527 3203 clarissime
543 3148 571 3202 et
586 3144 754 3202 brevissime
770 3143 949 3218 significatur
965 3145 1070 3204 abhinc
1090 3145 1127 3203 ad
1143 3164 1205 3204 cem
1221 3146 1344 3221 procedi

217 3245 379 3305 Stoicorum
401 3247 581 3319 sententiam,
605 3263 661 3320 qua
684 3247 781 3304 omnia
795 3247 970 3306 necessitate
986 3244 1062 3305 effici
1078 3246 1202 3306 doceant
1217 3249 1340 3306 aeterni·

217 3351 277 3407 tate
303 3351 439 3407 manante
468 3366 561 3422 eaque
584 3366 672 3407 caeca
695 3352 723 3406 et
746 3352 804 3406 tam
826 3349 1011 3423 immutabili,
1039 3352 1070 3406 ut
1092 3350 1175 3407 nullo
1198 3349 1291 3408 studio
1315 3354 1343 3408 et

217 3451 319 3508 labore
349 3451 451 3509 evitari
479 3451 529 3508 rel
555 3450 634 3508 vinci
659 3451 759 3525 possit.
808 3450 934 3524 Aliquid
961 3452 1081 3510 liberius
1110 3450 1342 3528 Chrysippum

219 3550 379 3624 censuisse,
406 3552 456 3623 qui
480 3551 555 3608 inter
577 3552 723 3626 simplicia
746 3554 775 3610 ct
798 3552 938 3624 copelata
960 3551 1150 3626 distinxisset,
1177 3570 1253 3627 quac
1276 3570 1342 3611 eori-

218 3653 333 3727 fatatia
355 3653 571 3711 nominavisset.
616 3650 780 3728 Opponitur
801 3672 920 3729 prorsus
944 3654 1045 3713 cadem
1068 3656 1180 3713 ratione
1203 3659 1291 3730 atque
1313 3656 1344 3713 in

219 3753 287 3830 §23
311 3753 522 3828 Carneades,
545 3756 625 3814 cuius
649 3756 800 3814 conclusio
823 3757 986 3816 continetur
1009 3756 1087 3833 §3L
1118 3757 1343 3816 Evidentissime

218 3854 316 3913 finitur
342 3856 430 3915 laude
458 3858 542 3928 532:
569 3857 637 3915 Hoc
665 3859 759 3916 artias
786 3860 913 3932 astriaai
940 3860 1018 3917 ratio
1047 3876 1108 3917 aaa
1130 3862 1244 3932 potest·
1272 3878 1344 3918 aare

306 4022 327 4090 ¹)
345 4022 513 4090 Quamquam
536 4022 608 4077 idem
633 4023 670 4091 (p.
686 4025 729 4091 lo)
752 4023 780 4076 in
798 4023 831 4093 §§
845 4027 873 4077 31
883 4039 942 4093 sqq.
960 4024 1025 4079 inde
1047 4040 1062 4079 a
1080 4024 1183 4080 verbis:
1207 4025 1233 4079 si
1250 4026 1344 4080 amaia

219 4106 285 4161 nihil
308 4107 360 4160 iam
384 4107 419 4161 ad
443 4108 516 4162 illam
535 4108 649 4162 attinere
668 4109 804 4178 sagaciter
822 4108 992 4178 observavit,
1017 4110 1102 4178 unde,
1128 4111 1204 4179 qnod
1223 4111 1341 4165 coniecit

220 4191 340 4260 collegit.
380 4192 569 4248 Schmckelius
593 4195 630 4262 (p.
646 4198 693 4248 166
718 4199 746 4248 et
771 4194 831 4263 169)
856 4210 946 4264 neque
969 4195 998 4248 id
1021 4197 1161 4265 perspexit
1184 4200 1212 4250 et
1235 4196 1343 4250 nomine

220 4276 268 4329 illo
287 4276 438 4331 universam
457 4279 610 4335 Stoicorum
627 4279 789 4334 sententiam
807 4279 851 4334 hic
867 4280 1014 4350 significari
1030 4281 1141 4336 videtur
1158 4281 1286 4339 sensisse.
